3056 4868
502 185 651 244 LElBNlZ.
690 185 871 244 tnNaUto.
1212 195 1264 252 ild

128 371 285 448 impresso
309 363 427 436 turbat,
452 362 526 424 tacit
547 361 707 424 dolorem:
730 379 874 442 quaeque
896 359 962 421 alia·
976 348 1076 421 'multa
1097 379 1191 448 spero
1214 381 1264 425 me

129 471 417 531 demonstraturum
437 463 470 525 in
492 464 539 538 iis,
561 481 644 545 quae
662 461 786 537 molior,
809 461 970 523 elementis
982 460 1146 524 demente.
1179 463 1265 524 Unde
1360 507 1361 510 η

129 566 375 631 nonnihitlucis
398 564 579 647 promittere
602 563 701 624 ausim
731 561 907 624 defensioni
931 563 1149 644 mysteriorum
1169 563 1264 626 trini-

129 673 219 745 tatis,
250 659 493 740 incarnationis,
521 663 814 747 praedestinationis
846 669 894 736 ot,
926 663 966 724 de
987 682 1050 744 qua
1071 671 1264 745 postremum

131 772 271 832 dicturus
293 789 361 832 sum
374 813 390 849 ‚v
405 765 621 828 eucharistiae.
648 766 725 827 Nam
748 775 780 826 et
800 783 868 824 rem
889 763 1041 825 moralem
1053 767 1096 826 ‘et
1111 764 1190 846 juris
1213 772 1266 828 at-

113 884 194 954 'quc
216 870 309 953 aequi
331 869 535 931 fundamenta
556 867 652 948 paulo
682 865 797 946 certius
820 863 995 946 clariusque
1024 865 1119 927 solito
1142 867 1265 938 consti-

130 982 220 1035 tuere
242 970 359 1048 conari,
383 970 484 1050 ipsum
507 987 557 1030 me
579 969 659 1031 vitae
681 987 779 1048 genus
799 967 899 1048 jussit.
942 967 1067 1029 Praeter
1092 967 1175 1028 enim
1196 968 1265 1029 Nu-

131 1074 234 1136 eleum
255 1072 360 1153 legum
381 1072 605 1145 Romanorum,
628 1087 709 1151 quae
731 1069 805 1148 ipsis
829 1085 934 1130 earum
956 1068 1059 1130 verbis
1081 1068 1219 1131 breviter
1236 1076 1266 1131 et

131 1175 276 1237 ordinate
298 1171 445 1234 exhibeat
467 1172 649 1233 velutnovo
672 1170 811 1252 quodam
839 1168 1010 1249 specimine
1031 1168 1124 1230 edicti
1146 1189 1265 1250 perpe-

132 1277 179 1339 tui
201 1274 290 1349 novi,
314 1272 462 1355 quicquid
484 1279 552 1334 toto
575 1291 709 1353 corpore
732 1289 805 1333 vete
826 1270 892 1344 lex,
916 1291 989 1332 vere
1013 1289 1129 1333 novum
1151 1271 1266 1351 dispo-

132 1377 321 1455 sitivumque
343 1382 398 1448 est,
422 1381 453 1435 et
465 1393 548 1434 nunc
559 1391 687 1455 quoque
708 1373 770 1434 vim
791 1371 910 1433 babere
930 1378 1042 1453 potest,
1066 1377 1097 1433 et
1110 1371 1266 1434 elementa

132 1476 265 1540 Romani
283 1475 363 1558 juris
385 1474 473 1537 brevi
494 1475 600 1538 tabula
622 1466 686 1535 nno
702 1475 760 1541 sub
769 1474 880 1536 obtutu
890 1472 1188 1554 comprehendentia
1208 1493 1266 1535 re-

134 1580 224 1660 gulas
245 1593 362 1659 paucas
385 1567 421 1638 et
437 1576 547 1652 claras,
569 1594 703 1659 quarum
715 1575 949 1638 combinatione
961 1595 1071 1636 omnes
1083 1593 1172 1637 casus
1182 1575 1264 1637 solvi

134 1686 277 1761 possunt,
299 1697 337 1740 ac
359 1677 495 1759 denique
518 1695 617 1739 novas
641 1675 927 1738 contrahendorum
947 1695 1152 1756 processuum
1162 1677 1266 1738 ratio-

136 1800 216 1854 nes,
260 1779 374 1860 quibus
402 1778 507 1840 nescio
540 1795 581 1837 an
614 1777 735 1857 uspiam
770 1777 952 1856 propositae
988 1777 1049 1839 sint
1085 1777 1267 1859 expeditio·-

134 1901 205 1954 res,
239 1879 448 1952 efficaciores,
477 1878 650 1940 intimiores
672 1883 767 1957 atque
789 1883 822 1938 ut
853 1877 898 1938 sie
931 1877 1032 1938 dicam
1059 1873 1268 1964 οἰκειότεραι;

135 1987 260 2062 praeter
291 1979 414 2051 hanel,
448 1981 595 2060 inquam,
628 1977 784 2039 elementa
812 1976 892 2058 juris
925 1978 1076 2039 naturalis
1108 1980 1196 2040 brevi
1224 1979 1268 2038 li-

135 2080 222 2142 bello
244 2079 409 2160 complecti
432 2079 553 2164 cogito,
583 2079 697 2186 quibus
720 2078 827 2141 omnia
855 2097 894 2140 ex
925 2077 1000 2139 solis
1030 2077 1267 2141 delinitionibus

137 2183 401 2244 demonstrentur.
448 2180 559 2242 Virum
579 2181 698 2240 bonum
721 2179 804 2241 enim
829 2199 887 2241 seu
915 2179 1033 2260 justum
1064 2179 1182 2242 definio
1213 2181 1266 2263 qui

137 2292 222 2344 amat
242 2303 352 2344 omnes
363 2304 372 2360 ;
402 2300 542 2344 amorem
562 2281 757 2362 voluptatem
779 2301 817 2342 ex
829 2281 976 2342 felicitate
988 2282 1100 2357 aliena,
1123 2283 1267 2344 dolorem

137 2403 177 2445 er
197 2384 377 2446 infelicitate
398 2384 521 2461 aliena3
551 2383 731 2445 felicitatem
753 2383 946 2462 voluptatem
967 2383 1035 2444 sine
1051 2383 1182 2461 dolore3
1204 2403 1268 2446 vo·-

137 2485 287 2564 luptatem
308 2503 432 2546 sensum
456 2484 654 2560 harmoniae3
686 2484 830 2546 dolorem
852 2503 978 2544 sensum
999 2475 1288 2562 inconcinnitatis3'

81 2631 84 2640 .
137 2603 265 2646 sensum
285 2583 509 2664 cogitationem
530 2603 599 2646 cum
622 2585 782 2647 voluntate
803 2603 860 2644 seu
882 2592 997 2645 conatu
1018 2585 1153 2664 agendi;
1188 2585 1269 2645 har-

137 2683 276 2744 moniam
299 2684 510 2746 diversitatem
531 2685 692 2746 identitate
716 2690 958 2765 compensatam.
988 2684 1100 2765 Utique
1112 2686 1196 2746 enim
1207 2687 1269 2747 de-

137 2785 230 2846 lectat
250 2805 309 2846 nos
330 2785 463 2848 varietas
486 2785 543 2847 sed
563 2786 693 2848 reducta
713 2787 746 2846 in
769 2785 928 2847 unitatem.
963 2786 1052 2847 Hinc
1066 2785 1171 2848 omnia
1189 2785 1269 2868 juris

139 2893 170 2948 et
191 2886 285 2967 aequi
306 2887 502 2949 theoremata
523 2887 656 2950 deduco.
686 2886 911 2949 Licitumenim
933 2885 982 2960 sit,
1005 2887 1092 2968 quod
1103 2885 1171 2948 viro
1183 2888 1268 2948 bono

138 2987 288 3067 possibile
311 2994 368 3050 est.
410 2987 555 3049 Debitum
577 2988 630 3063 sit,
661 2989 747 3068 quod
769 2988 836 3048 viro
869 2987 956 3048 bono
978 2987 1189 3048 necessarium
1213 2995 1269 3053 est.

139 3089 218 3148 Hinc
240 3095 380 3169 apparet,
399 3089 527 3169 justum,
550 3095 707 3149 amantem
727 3106 854 3161 omnes,
878 3095 940 3149 tam
961 3087 1139 3150 necessario
1161 3087 1269 3150 conari

137 3189 248 3269 juvare
269 3208 396 3262 omues,
419 3190 511 3250 etiam
535 3211 605 3251 cum
627 3209 692 3250 non
715 3193 828 3268 potest,
850 3207 944 3268 quam
967 3189 1045 3268 lapis
1068 3183 1269 3262 descendere,

141 3289 233 3351 etiam
257 3309 327 3350 cum
347 3291 473 3370 pendet.
502 3289 660 3365 Ostende„
677 3309 803 3352 omnem
820 3289 1044 3369 obligationem
1066 3307 1187 3352 summo
1210 3309 1271 3350 con·
1328 3325 1330 3328 >

141 3398 216 3451 natu
239 3389 378 3466 absolvi3
400 3391 485 3453 idem
506 3410 576 3453 esse
597 3410 703 3453 amare
726 3408 834 3452 omnes
858 3397 888 3450 et
909 3406 1014 3450 amare
1030 3389 1140 3463 Deum,
1163 3391 1270 3458 sedem

140 3491 327 3552 harmoniae
347 3492 573 3570 univcrsitatis3
603 3493 667 3554 imo
689 3492 772 3553 idem
795 3510 864 3553 esse
885 3509 960 3552 vere
982 3507 1106 3564 amaro,
1136 3509 1192 3552 seu
1214 3509 1271 3552 sa·-

140 3591 278 3674 pientem
307 3608 392 3666 esse,
422 3600 453 3654 ct
481 3593 584 3656 Deum
607 3612 702 3674 super
730 3591 835 3654 omnia
866 3608 987 3664 amara,
1013 3591 1045 3651 id
1078 3597 1125 3652 est
1164 3610 1272 3654 omnes

142 3710 264 3766 amare,
296 3693 329 3754 id
361 3700 408 3755 est
432 3694 550 3775 justum
583 3713 659 3756 esse.
702 3693 734 3754 Si
764 3692 870 3772 plures
889 3691 1021 3774 juvandi
1053 3691 1114 3752 sibi
1136 3689 1271 3765 obstent,

142 3794 383 3874 praeferendum
405 3813 483 3867 esse,
505 3793 591 3857 unde
618 3801 769 3876 sequatur
797 3794 914 3855 bonum
943 3793 975 3854 in
1005 3811 1126 3853 summa
1155 3791 1272 3874 majus:

141 3896 217 3958 hinc
237 3896 269 3958 in
291 3914 365 3958 casu
388 3913 566 3970 conmissus,
588 3895 699 3957 ceteris
720 3893 858 3976 paribus,
880 3894 1062 3967 meliorem,
1084 3892 1118 3954 id
1140 3899 1187 3954 est
1208 3912 1273 3974 pu·-

143 3997 224 4060 blice
245 3998 461 4062 amantiorem.
505 3997 582 4057 Nam
605 3995 691 4077 quod
713 3995 744 4055 in
765 3994 850 4056 hunc
871 3994 1056 4070 conferetur,
1080 3993 1272 4075 multiplica·-

352 4166 426 4173 ...0-

201 4255 227 4308 t)
243 4247 353 4303 Praeter
372 4247 439 4302 baec
458 4277 492 4286 -
513 4247 687 4317 displicituris
706 4247 838 4301 tolluntur
852 4258 890 4299 hat
904 4253 985 4314 buery
999 4265 1019 4300 a.
1036 4266 1056 4300 a.
1073 4253 1099 4296 0.
1116 4251 1138 4300 s,
1155 4242 1231 4294 titt
1251 4249 1272 4291 in

143 4339 299 4384 tranzisiscber
313 4341 475 4394 Uebersetzung
489 4339 592 4395 gegeben.
