3056 4868
546 130 697 191 LEIBNiZ.
736 129 919 189 ARNAULD.
1252 139 1300 192 151
1323 85 1324 88 Ἰ

163 307 229 379 tio,
258 303 292 366 id
325 311 371 366 est
410 310 563 386 perpetua
591 305 750 368 bullarum
771 304 964 368 nascentium
993 312 1025 366 et
1047 306 1298 369 evanescentium

163 413 276 468 catena
298 411 354 467 est.
392 405 489 466 Totus
510 405 625 486 globus
647 412 755 468 noster
777 403 809 466 in
830 410 985 486 perpetuo
1005 406 1202 469 fluxualuce
1215 427 1298 468 con-

162 507 302 570 stituitur
323 507 419 568 instar
441 505 573 580 mctalli,
596 508 685 588 quod
705 513 820 570 vocant
842 505 994 580 artifices,
1017 507 1049 568 in
1072 507 1177 569 forma
1198 509 1299 570 vitra-

162 609 211 670 ria
230 608 365 670 fluentis.
405 607 490 668 Tunc
512 606 623 687 spiritu
645 607 849 687 corporibus,
873 606 962 668 cacto
986 613 1068 668 terra
1089 608 1175 670 varie
1197 609 1299 670 inter-

163 717 266 791 cepto,
287 709 382 771 bullis
404 708 491 771 varie
513 707 628 770 inflatis
649 707 871 790 figuratisque,
894 712 940 769 tot
960 707 1126 771 varietates
1148 727 1297 772 vasorum

162 810 249 872 velut
269 810 440 872 vitreorum
462 809 742 872 minutissimorum
764 809 901 872 aetheris
922 816 1010 870 motu
1031 809 1297 891 liquefacieutcin

162 917 334 990 perpetuae
356 909 536 992 agitationis
557 910 642 972 tluxu
665 911 915 987 constitutorum,
938 909 1008 990 ipsa
1019 915 1124 972 motus
1137 909 1296 972 eeleritate

163 1031 323 1092 egressum
346 1016 588 1079 consecutorum
609 1013 883 1092 praevertentium,
904 1029 942 1072 ac
962 1009 1049 1072 fluxu
1070 1031 1128 1074 suo
1142 1018 1173 1072 ct
1189 1017 1296 1072 trans-

161 1111 352 1174 formatione
374 1112 522 1174 continua
543 1131 601 1175 sna
622 1113 681 1175 sibi
705 1112 827 1175 crificia
848 1099 1103 1188 occludentium,
1126 1112 1212 1174 nasci
1234 1131 1296 1174 nc-

162 1231 250 1274 cesse
273 1219 329 1275 est.
363 1213 403 1274 At
425 1233 495 1274 cum
516 1212 766 1295 heterogcneum
777 1213 921 1296 injicitur,
944 1213 1295 1295 quemadmodumoum

161 1314 236 1376 artis
257 1314 459 1395 probatoriae
481 1315 621 1396 magistri
642 1315 776 1378 metallis
797 1315 871 1396 igne
890 1315 1058 1377 fluentibus
1076 1314 1220 1395 pulveres
1237 1333 1295 1374 re-

161 1411 307 1491 gulorum
328 1415 621 1497 praecipitatorios,
644 1415 895 1496 Niederscbtttpe‚
917 1415 1102 1493 immittunt;
1129 1421 1195 1476 tum
1217 1435 1293 1477 vero

161 1514 281 1577 turbari
301 1513 429 1590 fluxum,
452 1517 573 1579 orificio
595 1524 704 1580 mutuo
727 1515 853 1597 aperiri,
877 1522 908 1578 et
928 1516 955 1578 si
977 1535 1052 1578 vasa
1075 1522 1295 1579 contentorum

160 1615 296 1677 ratione,
313 1616 491 1699 inaequalia
513 1625 598 1693 sunt,
627 1618 761 1680 alterum
784 1620 932 1691 sorbere,
962 1617 1095 1678 alterum
1119 1616 1293 1679 exonerari.

159 1715 242 1778 Hinc
262 1717 358 1792 mira,
391 1725 550 1780 attamen
572 1726 656 1779 certa
679 1718 812 1791 deduxi,
846 1717 1002 1799 quaedam
1032 1737 1167 1798 corpora
1199 1717 1294 1779 simul

159 1816 249 1878 acida
272 1823 302 1878 et
323 1817 458 1880 alcalina
480 1838 570 1891 esse,
600 1818 627 1880 si
648 1819 779 1880 diversis
801 1818 1026 1890 conferantur,
1059 1838 1119 1879 nec
1141 1818 1231 1899 sequi
1250 1832 1292 1878 'ex

158 1917 321 1978 reactione
343 1919 515 1996 perfectam
536 1918 752 1992 satiatiouem,
785 1919 886 1980 idest
918 1917 1077 1998 quietem,
1108 1919 1164 1980 sed
1186 1916 1291 1998 potius

159 2017 295 2078 dissilire
316 2035 391 2079 vasa
412 2016 445 2076 in
466 2017 580 2080 alcalia
601 2018 754 2099 auidaque
776 2017 916 2094 minora3
939 2023 1050 2078 contra
1061 2037 1100 2079 ex
1110 2018 1214 2079 multis
1225 2017 1291 2076 mi-

159 2118 290 2180 neribus
311 2118 393 2182 uasis
415 2117 501 2182 lenta
520 2125 650 2181 naturae
672 2119 860 2199 operatione
881 2138 988 2180 rursus
1001 2137 1205 2182 concrescere
1217 2135 1287 2178 ma-

156 2219 242 2300 jora‚
265 2239 396 2300 prorsus
418 2227 452 2282 ut
474 2219 556 2282 duae
577 2220 684 2282 bullae
706 2239 809 2302 aquae
832 2219 1096 2295 consistentioris,
1118 2219 1222 2302 qualis
1245 2222 1291 2280 est

157 2328 329 2401 saponem,
351 2321 412 2384 sibi
434 2321 552 2397 collisa,
576 2321 636 2384 nisi
658 2322 886 2402 distringantur,
909 2325 1024 2385 cobunt
1045 2321 1076 2382 in
1099 2339 1195 2382 unam
1217 2337 1290 2380 ma-

154 2421 269 2503 jorem,
292 2430 324 2484 ct
343 2422 428 2484 idem
450 2423 554 2484 facere
576 2422 724 2504 globulos
746 2422 867 2503 argenti
889 2422 950 2485 vivi
972 2422 1078 2502 plures
1094 2422 1289 2502 sibiappro-

157 2522 367 2605 pinqnantes:
399 2521 482 2583 etin
503 2520 566 2584 boe
587 2522 760 2584 consistere
782 2521 932 2584 circulum
944 2523 1157 2602 generationis
1169 2530 1200 2584 et
1211 2541 1289 2584 cor-

155 2623 321 2704 ruptionis.
353 2623 435 2697 Quin
457 2623 522 2684 imo
544 2622 570 2684 si
592 2641 612 2684 a
633 2623 726 2688 certis
746 2621 1040 2686 ratiocinationibus
1062 2622 1183 2703 aliquid
1205 2641 1288 2684 oon-

151 2726 345 2808 jeoturarum
374 2723 604 2805 phoenomenis
632 2726 775 2812 nondum
806 2724 957 2788 hactenus
986 2740 1190 2806 aquoquam
1212 2721 1288 2784 satis

155 2827 293 2890 excussis
315 2825 448 2888 miscere
470 2825 517 2887 fas
540 2832 605 2900 est,
627 2825 733 2906 ignem
755 2824 891 2907 primum
913 2825 1057 2898 acidum,
1080 2843 1195 2905 aquam
1216 2822 1287 2903 pri-

153 2947 239 2989 mum
261 2927 355 2988 alcali
376 2945 456 3000 esse,
478 2927 512 2988 id
534 2933 581 2988 est
601 2918 706 3009 ignem
726 2945 941 3008 compressum
954 2943 1069 3008 aquam
1091 2924 1285 2996 exhaustam,

153 3031 260 3091 aerem
282 3048 352 3090 esse
374 3046 489 3111 aquam
511 3027 674 3101 subtilem,
696 3036 731 3089 ut
751 3028 853 3092 lucem
875 3030 981 3112 ignem
1003 3025 1161 3092 subtilem.
1204 3024 1285 3086 Hinc

152 3131 257 3211 ignem
279 3135 418 3191 acentro
432 3129 473 3190 ad
485 3128 768 3191 circumferentiam
780 3149 892 3212 agere3
913 3131 1011 3213 frigus
1023 3140 1147 3192 contra:
1169 3126 1284 3208 iguem,

153 3245 216 3314 qua
238 3249 464 3311 compressum,
488 3229 671 3310 dispergere
682 3237 714 3292 et
724 3233 910 3307 rarefacere,
934 3233 1107 3296 calefacere
1119 3234 1150 3292 et
1162 3228 1282 3302 lucere;

150 3349 265 3412 aquam
287 3329 493 3405 contrahere,
523 3331 676 3407 densare,
704 3334 875 3396 obscurare
897 3350 934 3393 ac
954 3332 1123 3413 frigerarc:
1155 3335 1282 3402 terram,

149 3431 182 3493 id
205 3438 252 3492 est
277 3432 409 3504 vitrum,
439 3431 530 3494 basin
553 3452 610 3494 sen
631 3451 706 3496 vasa
728 3435 874 3498 omnibus
897 3434 1062 3514 praebere:
1092 3429 1225 3510 sulphur
1252 3435 1284 3490 et

149 3530 266 3592 nitrum
288 3531 349 3593 sibi
369 3531 458 3612 quod
478 3531 583 3612 iguem
606 3539 636 3595 et
658 3552 773 3617 aquam
795 3555 884 3610 esse,
908 3535 941 3598 id
963 3541 1010 3596 est
1042 3532 1133 3596 acida
1165 3537 1197 3592 et
1229 3528 1281 3590 al-

149 3631 230 3694 calia
250 3632 504 3713 proportionata.
543 3633 638 3708 Quod
668 3635 752 3696 enim
779 3635 842 3697 alia
864 3635 977 3698 alcalia
999 3633 1070 3696 aliis
1092 3630 1190 3694 acidis
1212 3630 1283 3692 sol-

147 3733 278 3806 vendis,
307 3732 488 3809 irritandis,
518 3735 762 3816 praecipitandis
785 3743 858 3817 apta
879 3735 957 3810 siut,
980 3735 1013 3796 id
1032 3753 1052 3796 a
1073 3732 1282 3814 proportione

147 3835 305 3897 bullarum
329 3835 417 3897 oriri.
459 3835 546 3898 ldem
568 3835 754 3900 mechanico
775 3837 994 3918 recipientium
1015 3833 1283 3917 Magdeburgioo-

147 3956 216 3998 rum
239 3935 387 4017 exemplo
410 3936 540 4017 probari
561 3944 676 4019 potest.
708 3939 862 4000 Virtutem
884 3937 972 3999 illam
994 3938 1194 4018 quorundam
1206 3954 1282 3998 cor-

148 4057 261 4118 porum
284 4037 514 4118 insipidorum‚
546 4045 578 4100 et
606 4037 633 4100 si
655 4039 799 4104 sensibus
827 4037 936 4120 primis
963 4037 1169 4120 judicandum
1191 4042 1281 4110 esset,

145 4137 324 4213 inutilium,
353 4140 428 4202 salis
450 4139 572 4214 tartari,
599 4141 763 4204 antimonii
786 4139 1009 4222 diaphoretiei,
1039 4139 1154 4220 lapidis
1182 4139 1282 4200 bezo-

148 4238 261 4314 amici,
286 4241 452 4304 oculorum
480 4241 715 4319 cancrinorum‚
746 4243 820 4306 salis
842 4242 1048 4315 ammoniaci,
1069 4233 1167 4302 comu
1189 4237 1282 4309 cervi,
