3056 4868
253 195 305 254 150
640 190 792 249 LElBNlZ.
829 189 1009 248 ARNAULD.

251 367 338 428 litate
360 386 417 429 seu
449 365 631 428 abundante
652 384 690 428 ac
712 365 879 428 deficiente
902 365 1077 428 commixtis
1099 372 1129 429 ct
1149 365 1182 426 in
1204 358 1390 445 aequalita-

252 475 316 529 tem
338 487 373 529 sc
393 467 556 530 restituere
578 468 773 542 conantibus,
796 467 896 529 altero
917 487 952 529 se
973 473 1175 538 exonerante,
1197 465 1299 526 altero
1313 484 1391 526 scr*

252 569 358 644 bente,
379 568 455 630 oriri
478 569 541 649 ajo.
584 567 622 629 Et
640 567 704 630 hcc
726 588 795 631 esse
817 569 970 641 arbitror,
993 568 1080 648 quod
1100 575 1223 630 veteres
1252 565 1387 648 chymici

253 668 371 744 dixere,
393 689 433 732 ex
453 657 588 745 duobus,
610 669 753 730 masculo
776 676 807 730 et
828 669 977 742 foemina,
999 668 1050 730 vel
1072 668 1225 748 sulphure
1247 674 1278 728 et
1299 687 1390 728 mer-

254 769 364 844 curio,
386 770 571 851 imperfecto
593 777 625 830 et
646 769 979 852 plusquamperfecto,
1002 775 1033 831 et
1055 777 1089 830 ut
1108 768 1300 832 recentiores
1323 787 1388 830 vn-

254 879 340 946 cant,
373 871 465 934 acido
489 879 519 934 ct
541 871 633 933 alcali
656 872 779 946 mixtis,
801 889 912 933 omnes
933 876 1064 932 naturae
1086 870 1275 932 mutationes
1298 869 1389 930 deri-

253 972 331 1034 ·vari.
373 973 474 1033 Nemo
509 971 724 1056 chymicorum
745 972 898 1034 hactenns
925 977 1105 1051 constantes
1134 989 1265 1032 suorum
1286 988 1388 1032 roca-

252 1073 410 1146 bulcrum,
432 1073 516 1148 salis,
540 1073 710 1153 sulphuris,
733 1073 889 1147 mercurii,
911 1071 1003 1148 acidi,
1026 1071 1133 1143 amari,
1155 1072 1283 1144 austeri,
1298 1071 1389 1145 aceti,

253 1174 374 1249 nitrosi‚
396 1174 555 1247 vitriolati,
576 1174 640 1249 fixi,
664 1175 809 1249 volatilis,
831 1174 943 1248 cleosi,
964 1173 1110 1249 lixiviosi,
1126 1172 1298 1247 aromatici,
1311 1191 1389 1234 cor-

164 1278 175 1288 ’
254 1275 350 1355 poris,
372 1276 504 1348 animae,
528 1276 663 1356 spiritus,
687 1281 799 1349 terrae,
821 1275 913 1356 ignis,
935 1293 1046 1356 aquae,
1067 1273 1267 1355 phlegmatis,
1290 1282 1390 1336 attat

254 1375 387 1436 aliorum
410 1376 574 1436 nominum
596 1377 701 1448 dedit,
725 1395 806 1458 quae
829 1395 912 1436 nunc
930 1375 1137 1455 expertissimi
1159 1376 1235 1452 viri,
1257 1375 1388 1458 Sylvius,

254 1475 407 1537 Willisius
438 1477 569 1558 aliique,
603 1474 803 1557 Hippocratis
835 1477 934 1556 ipsius
961 1476 1106 1557 exemplo
1137 1477 1170 1537 in
1203 1477 1389 1539 methodum

254 1578 402 1638 medendi
431 1579 474 1639 ita
506 1597 621 1658 magno
650 1597 801 1640 successu
833 1578 1055 1650 introducunt,
1088 1584 1122 1638 ut
1148 1579 1188 1639 ab
1219 1577 1269 1640 his
1291 1578 1390 1640 clavis

255 1679 431 1740 medicinae
451 1680 591 1760 pendere
612 1679 766 1741 videatur.
804 1678 913 1740 Ausim
936 1686 1039 1742 tamen
1063 1679 1182 1755 dicere,
1211 1679 1265 1742 vix
1290 1699 1389 1740 unum

255 1800 366 1842 eorum
388 1781 420 1842 in
442 1780 492 1844 his
514 1780 706 1861 explicandis
728 1799 834 1842 secum
865 1780 935 1860 ipsu
969 1781 1156 1842 consentire.
1199 1779 1287 1842 Unde
1310 1780 1391 1841 nihil
1430 1827 1435 1832 .

255 1900 338 1961 pene
357 1881 509 1945 haetenus
531 1889 778 1964 superstructum
797 1881 892 1943 solidi
913 1888 961 1943 tot
980 1882 1151 1962 praeclaris
1168 1881 1390 1963 experimentis

255 1983 404 2065 chymieis
433 1992 490 2047 est.
522 1983 591 2064 Ego
612 2003 689 2046 vero
712 1983 823 2047 videor
833 1982 988 2063 reperisse
1010 1984 1163 2064 quasdam
1185 2002 1223 2044 ac
1243 2003 1326 2064 pene
1337 1984 1392 2045 di-

253 2083 354 2144 xerim
367 2086 559 2147 necessarias
572 2087 730 2161 notiones,
742 2103 824 2168 quae
836 2083 1050 2146 mechanicam
1062 2084 1222 2166 physicae,
1234 2084 1391 2146 rationem

256 2186 467 2265 experientiae
500 2193 710 2262 connectant,
742 2205 823 2269 quae
856 2186 895 2246 ab
928 2185 1094 2247 abstractis
1131 2192 1236 2246 motus
1268 2186 1392 2268 legibus

256 2287 421 2348 transitum
443 2287 484 2346 ad
506 2295 653 2348 concreta
667 2307 836 2368 carporum
848 2286 1067 2367 phaenomena
1089 2285 1221 2362 saciant,
1243 2305 1342 2368 qnae,
1364 2288 1393 2349 si

256 2387 543 2467 experimentorum
565 2389 657 2468 copia
680 2395 711 2450 et
726 2389 883 2450 ordinatio
896 2388 1034 2460 accedat,
1053 2387 1209 2450 sufficiant
1224 2388 1392 2468 explican-

255 2487 304 2549 dis
322 2487 472 2550 omnihus
494 2488 695 2552 varietatibus
716 2499 845 2552 naturae
867 2509 982 2552 rerum.
1004 2489 1074 2551 Huc
1096 2490 1180 2551 enim
1202 2490 1300 2552 semel
1322 2510 1389 2571 po-

256 2589 317 2651 sito
339 2608 377 2651 ae
398 2609 500 2670 prope
522 2591 756 2668 demonstrato,
789 2599 873 2654 certe
895 2590 1089 2673 experientia
1110 2591 1193 2653 aeris
1215 2593 1389 2672 compressi

256 2699 287 2754 ct
309 2691 452 2753 exhausti
476 2690 683 2766 confirmatu,
712 2694 910 2756 reactiunum
932 2709 1059 2755 causam
1081 2710 1151 2754 csse
1173 2692 1390 2774 inaequalita—

278 2811 329 2866 rm,
352 2810 407 2853 seu
429 2792 561 2853 nimium
582 2801 612 2854 et
634 2812 745 2875 parum
767 2795 878 2877 liquidi
900 2795 974 2870 dati,
997 2810 1116 2874 aquae,
1139 2793 1230 2871 airis,
1252 2794 1388 2856 aetheris

256 2913 288 2955 m
311 2899 384 2956 vase
406 2895 480 2955 dato
514 2891 627 2976 (neque
657 2895 740 2957 enim
768 2915 868 2960 vacuo
890 2896 942 2957 hic
964 2903 1053 2971 utor,
1080 2915 1151 2957 cum
1173 2893 1309 2956 sufficiat
1328 2915 1388 2976 pro

255 2995 353 3057 nimio
376 2995 528 3056 tenuioris
549 3014 661 3075 parum
684 2997 856 3072 crassioris,
879 3003 910 3058 et
930 3001 1062 3074 contra3
1091 3003 1187 3058 tenue
1209 3002 1314 3058 autem
1336 3003 1391 3058 ant

256 3116 414 3171 crassum,
442 3115 498 3157 seu
520 3113 626 3155 rarum
648 3101 680 3158 et
702 3097 853 3172 densum,
881 3117 945 3160 non
967 3115 1069 3161 vacuo
1098 3097 1304 3178 interspersa,
1332 3098 1390 3158 sed

205 3239 206 3243 ,
256 3203 345 3258 motu
366 3195 503 3276 partium
525 3195 661 3259 differre.
690 3197 860 3261 Camenim
882 3197 1036 3281 liquidnm
1059 3197 1108 3271 sit,
1132 3200 1220 3280 quod
1241 3198 1338 3260 hahet
1357 3199 1390 3258 in

256 3319 290 3361 se
312 3302 433 3358 motum
455 3298 594 3374 varinm;
617 3298 755 3361 solidum
775 3319 862 3374 veru,
884 3300 970 3382 quud
989 3281 1243 3382 conspirantem?
1262 3319 1392 3362 necesse

257 3405 312 3475 est,
335 3399 488 3482 liquidum
511 3419 580 3462 esse
603 3402 773 3464 multorum
795 3402 970 3464 solidorum
993 3403 1079 3466 varie
1102 3409 1391 3482 motornmaggre-

257 3509 371 3583 gutum,
394 3519 475 3584 quae
497 3503 600 3564 solida
621 3503 781 3584 sigillatim
803 3511 913 3574 sumta,
936 3505 1188 3586 quantomajora
1210 3510 1291 3576 sunt,
1315 3503 1390 3583 glo·
1482 3535 1484 3538 ·

230 3605 379 3686 ιὴοεῳιο
400 3610 455 3664 aut
477 3623 571 3686 gyros
594 3605 763 3685 ampliores
778 3604 989 3678 constituunt,
1010 3610 1098 3666 tantu
1113 3623 1227 3685 corpus
1240 3611 1390 3666 cstcras-

256 3707 329 3780 sins,
342 3725 398 3766 seu
410 3705 568 3767 difficilius
580 3706 738 3769 subdividi
759 3707 892 3790 potestl:
914 3708 979 3789 jam
992 3706 1189 3768 manifestum
1201 3712 1258 3780 est,
1281 3723 1392 3767 omnes

255 3808 421 3869 varietates
444 3815 498 3867 ant
518 3808 601 3870 rasis
623 3808 814 3870 continentis
847 3816 901 3869 aut
922 3807 1034 3890 liquidi
1060 3807 1199 3869 contenti
1222 3814 1303 3869 statu
1326 3807 1390 3867 ah-

257 3909 348 3970 solvi.
379 3908 442 3968 Vas
465 3908 548 3969 enim
570 3908 656 3970 varie
676 3907 855 3990 figuratum,
876 3927 1025 3990 magnum
1047 3915 1100 3970 aut
1115 3927 1269 3990 parvum,
1292 3925 1391 3987 capax

266 4016 311 4069 rut
332 4015 508 4088 angustum,
530 4009 629 4069 latera
650 4011 758 4071 tenuia
780 4015 834 4071 aut
855 4029 959 4072 crassa
983 4027 1072 4086 essc;
1100 4010 1256 4092 liquidum
1285 4016 1390 4070 autem

256 4118 350 4172 tenue
374 4117 428 4171 aut
449 4127 604 4187 crassum,
637 4111 768 4172 multum
789 4118 843 4172 aut
864 4130 1009 4192 paucum.
1053 4109 1166 4172 Clausa
1187 4118 1293 4172 autem
1315 4127 1391 4173 vasa

258 4219 337 4286 sunt,
360 4211 431 4291 ipso
453 4210 538 4272 lluxu
552 4212 760 4292 conspirante,
784 4211 994 4284 fermentatio,
1011 4211 1240 4292 praecipitatio,
1263 4210 1390 4284 solutio,

258 4312 389 4383 reactio,
413 4312 488 4373 dnm
510 4311 717 4395 homogeneis
739 4313 899 4375 intersunt.
931 4312 1040 4374 Omnis
1062 4313 1146 4375 enim
1166 4311 1268 4375 tluxus
1290 4310 1391 4374 bulli-
