3056 4868
520 228 670 286 cuiauis.
709 229 889 287 sausoio.
1219 199 1269 295 ru

130 388 313 452 sublimium
341 387 513 468 inscripsit,
542 387 741 471 collectoque
767 386 800 447 in
823 405 921 449 unum
943 387 1085 450 omnium
1106 407 1189 468 pene
1210 411 1266 454 se-

129 499 251 552 ctarum
272 507 397 552 veneno
424 487 626 568 dialogorum
655 488 802 550 libertate
831 486 964 568 sparsit,
997 487 1060 568 legi
1090 488 1265 571 diligenter.
1375 519 1378 523 ·

129 591 195 652 Sed
217 599 250 652 ct
271 589 493 670 quaeProclus
516 595 547 650 et
563 589 750 670 Simplicius,
772 589 997 669 Pomponatius
1020 589 1216 653 ctAverroiis
1235 602 1267 655 et

130 691 228 754 ceteri
249 690 490 752 semichristiani
520 689 688 768 objecere;
721 695 786 750 tum
814 688 980 752 liberiores
1013 689 1265 766 christianorum,

130 791 261 863 Lullius,
283 791 384 865 Valla,
407 791 479 865 Pici,
501 790 706 866 Savonarola,
729 789 893 852 Wessclus
915 788 1158 870 Groningensis,
1180 795 1267 858 Trit-

130 893 273 964 bemius,
296 892 404 968 Vives,
426 891 597 964 Steuchus,
620 891 788 964 Patricius,
809 890 990 965 Mostellus,
1013 891 1196 968 Naclantus,
1226 896 1265 958 de

129 994 284 1066 Dominis,
306 992 419 1054 Paulus
441 993 570 1067 Servita,
593 990 805 1071 Campanclla,
827 991 993 1054 lansenius
1015 994 1172 1069 cumsuis,
1193 987 1276 1058 Ηο-’

131 1115 201 1168 nor,
224 1095 331 1167 Fabri,
354 1095 539 1157 Valerianus
560 1094 612 1168 M,
634 1092 773 1154 Thomas
793 1093 960 1166 Boaartes,
982 1091 1120 1155 Thomas
1131 1094 1265 1176 Anglus3

131 1204 164 1258 ct
185 1195 248 1256 alia
262 1195 549 1276 parteBibliauder,
570 1193 730 1256 Jordanus
750 1193 883 1266 Bruuus,
906 1191 1068 1266 Acontius,
1091 1195 1264 1269 Taurellus,
1333 1183 1343 1192 ’

130 1296 297 1370 Arminius,
320 1297 503 1370 Herbertus,
524 1295 721 1376 Episcopius,
744 1293 880 1367 Grotius,
903 1291 1048 1364 Calixtus,
1070 1294 1194 1369 torelli,
1214 1299 1264 1360 Jo.

130 1397 255 1458 Valent.
276 1398 442 1472 Andreae,
465 1398 616 1473 Hobbcs,
639 1395 864 1476 Claubergius,
898 1402 1008 1456 auctor
1039 1393 1265 1477 Philosophiae

129 1498 304 1579 scripturae
324 1499 514 1580 interpretis,
544 1506 654 1560 auctor
675 1498 715 1559 de
736 1497 895 1558 Libertate
917 1494 1187 1576 philosophandi,
1210 1500 1265 1582 qui

131 1602 197 1662 dno
219 1620 322 1680 nuper
341 1601 476 1662 Batavos
498 1602 672 1672 turbarunt,
696 1599 813 1680 aliique
835 1598 1039 1671 innovavere,
1061 1597 1186 1660 curiose
1207 1619 1265 1661 sa-

131 1702 171 1763 tis
193 1720 262 1764 snm
282 1711 475 1781 persecutus.
508 1701 750 1762 Socinianorum
774 1717 920 1781 quoque,
944 1697 1151 1779 quibuscum
1174 1701 1263 1772 bene,

129 1821 225 1864 nemo
248 1801 377 1873 melius,
400 1821 470 1862 cum
492 1801 583 1874 male,
604 1818 699 1860 nemo
721 1799 821 1880 pejus,
843 1798 1048 1861 subtilitatem
1066 1819 1131 1860 non
1153 1801 1264 1882 refugi,

130 1903 341 1981 effectumque
363 1908 510 1981 expertus
530 1920 600 1962 sum
623 1899 817 1962 contrarium
839 1898 869 1959 ci
886 1917 980 1980 quem
998 1907 1173 1961 metuerant
1185 1921 1265 1963 cen-

130 2023 231 2066 sores.
273 2001 360 2062 Nihil
382 2001 466 2062 enim
489 2020 539 2061 me
561 1999 759 2062 confirmavit
780 1997 900 2078 magis,
921 2017 1015 2079 quam
1038 2000 1125 2079 quod
1148 2000 1265 2062 formi-

130 2104 246 2165 dolosa
266 2102 322 2164 illo
345 2101 441 2182 vulgo
464 2101 593 2163 nomina
614 2101 696 2163 adeo
719 2118 857 2161 menon
880 2099 1096 2174 dimovissent,
1119 2107 1152 2162 ut
1170 2102 1263 2163 ctiam

129 2205 372 2287 profundiorem
393 2203 650 2282 securioremque
672 2200 877 2262 reddiderint.
921 2199 1047 2261 Scilicet

329 2304 372 2366 Et
392 2324 460 2366 cam
478 2305 550 2384 fata
569 2305 683 2381 colum,
706 2303 779 2364 bico
798 2321 915 2364 veneco
933 2304 1054 2380 jerunt.

130 2406 208 2468 Cum
229 2405 312 2468 enim
334 2412 381 2468 tot
402 2425 590 2486 magnorum
612 2405 813 2487 ingeniorum
835 2403 984 2467 sublimia
999 2403 1145 2485 cogitata,
1167 2412 1264 2490 atque

130 2508 207 2569 inde
229 2507 336 2586 lapsus
359 2507 554 2580 conterrem3
582 2525 678 2588 saepe
708 2523 832 2568 mecum
862 2505 1033 2567 admiratus
1055 2525 1125 2566 sum
1146 2509 1265 2587 provi-

131 2609 272 2671 dentiam
281 2607 350 2682 Dei,
372 2607 559 2668 itaalterum
581 2607 672 2669 alteri
694 2606 895 2688 opponentis,
917 2613 949 2668 vt
968 2606 1070 2667 lector
1089 2607 1265 2688 judiciosus

130 2729 170 2772 ex
191 2708 240 2771 his
262 2707 339 2788 ipsis
363 2707 521 2769 conficere
543 2708 645 2788 possit
665 2716 802 2790 systema
824 2707 1026 2788 egregiorum
1047 2708 1264 2770 documento-

130 2831 201 2872 rum
224 2811 317 2891 plane
339 2809 579 2885 admirandum,
612 2807 639 2869 si
662 2809 707 2870 eis
729 2807 928 2888 potissimum
950 2807 1028 2869 locis
1051 2808 1190 2868 animum
1212 2817 1265 2872 at-

130 2911 276 2986 tenderit,
299 2910 413 2992 quibus
435 2909 587 2972 ecclesiae
610 2908 784 2971 catholicae
806 2909 929 2970 traditis
951 2909 1145 2988 conspirant.

215 3015 323 3074 Restat
345 3019 378 3073 ut
398 3010 438 3072 de
459 3009 572 3072 ceteris
594 3011 705 3072 studiis
726 3011 805 3072 meis
826 3010 923 3091 paulo
946 3009 1212 3090 popularioribus,
1234 3016 1264 3072 ct

129 3132 150 3174 a
170 3112 313 3175 sensibus
336 3110 438 3173 minus
460 3111 603 3174 abductis
624 3113 709 3192 apud
732 3119 762 3173 te
779 3113 934 3174 nonnulla
951 3112 1112 3174 disseram.
1152 3112 1260 3174 Dele-

130 3233 205 3296 gum
223 3211 481 3294 judiciorumque
502 3212 704 3274 ordinatione
725 3219 758 3274 ct
774 3212 854 3294 juris
875 3213 993 3293 pariter
1004 3214 1263 3295 executionisque

130 3335 188 3378 scu
211 3313 284 3375 lacti
306 3312 491 3374 certitudine
512 3313 606 3375 simul
627 3332 665 3375 ac
686 3313 840 3376 brevitate
861 3314 1032 3375 obtinenda
1052 3315 1188 3378 delibavi
1196 3317 1263 3397 jam

129 3426 197 3478 tum
219 3414 374 3488 nonnihil,
397 3420 429 3474 at
449 3414 620 3497 aliquando
640 3415 724 3496 justa
747 3415 880 3495 epistola
896 3414 998 3475 dicam
1020 3414 1154 3493 plenius,
1178 3435 1262 3477 con-
1369 3414 1370 3418 ’

128 3516 270 3597 fidoque,
294 3513 388 3576 etiam
410 3533 596 3596 magnorum
618 3517 704 3594 apud
724 3535 785 3577 nos
806 3515 947 3578 virorum
957 3513 1078 3594 judicio
1091 3533 1127 3575 ac
1139 3516 1261 3595 plausu,

130 3618 299 3680 allaturum
329 3633 379 3676 me
412 3617 609 3698 aliquanon
642 3616 774 3678 omnino
810 3616 1018 3697 aspernanda.
1062 3615 1260 3696 Hypotbesin

131 3717 261 3783 condidi
281 3716 460 3800 physicam,
484 3735 579 3798 quam
600 3717 696 3779 ctiam
718 3719 860 3779 celebres
893 3723 925 3778 et
956 3716 1142 3797 magni'viri
1170 3719 1261 3799 Angli

128 3820 261 3903 ltalique
281 3820 457 3901 probarunt
475 3836 571 3898 supra
592 3838 681 3898 spem
703 3837 815 3893 meam,
839 3825 870 3879 et
890 3825 975 3877 tanta
997 3825 1045 3878 est
1066 3816 1134 3898 ejus
1155 3819 1261 3880 facili-

129 3931 177 3984 tas
201 3921 405 4003 claritasque,
427 3928 462 3981 ut
482 3918 629 3982 videatur
650 3920 744 3981 etiam
767 3918 930 3980 nonnullis
951 3918 1071 4000 aliquid
1092 3920 1261 4002 hypothesi

130 4024 253 4087 certius.
281 4024 351 4085 Nou
373 4040 504 4103 possum
526 4020 601 4103 quin
624 4039 777 4082 summam
800 4021 867 4103 ejus
886 4021 988 4082 oculis
1009 4020 1070 4081 tuis
1086 4021 1261 4103 subjiciam.

129 4132 208 4188 Ante
236 4126 340 4185 omnia
368 4124 568 4186 manifestum
595 4130 660 4196 est,
690 4123 755 4184 sive
777 4121 884 4184 Tellus
914 4124 979 4184 sive
1001 4123 1055 4183 Sol
1088 4130 1260 4193 moveatur,

129 4245 310 4308 quanquam
331 4225 407 4286 alibi
428 4226 660 4286 demonstrasse
682 4224 873 4286 actuvidear
886 4231 1003 4284 motum
1018 4221 1164 4296 Telluris,
1186 4221 1260 4301 quia

129 4327 215 4388 nulla
237 4326 385 4388 cohaesio
416 4345 472 4389 seu
502 4325 721 4400 consistentia,
743 4325 807 4386 imo
836 4343 894 4386 nec
922 4323 1128 4403 corporalitas
1147 4321 1260 4402 quies-

950 4425 1005 4487 to*
