3056 4868
508 141 660 246 neruum.
697 185 876 244 Anulum.
1207 192 1254 248 nn

125 375 336 456 possibilitate
357 369 522 452 proposita
544 377 647 445 crant,
678 377 773 452 atque
795 368 855 449 ipsi
876 376 949 430 tunc
971 387 1036 430 non
1058 368 1258 431 mediocriter

124 477 319 558 placuerant,
341 470 463 532 hortari
484 470 627 550 impense
650 472 763 552 coepit,
787 489 826 530 nc
847 469 932 532 hanc
954 469 1154 532 occasionem
1177 489 1256 550 per-

124 579 232 640 derem
255 572 413 636 scribendi
434 572 506 633 tibi:
529 576 724 635 curationem
745 573 906 633 literarum
927 571 960 630 in
981 589 1015 632 se
1037 571 1166 652 recepit.
1187 571 1255 652 Ego

125 679 192 760 ejus
223 676 390 738 autoritate
421 680 542 747 motus,
570 680 645 735 tuac
673 679 775 734 autem
801 671 876 733 fidei
905 689 942 733 ac
967 671 1087 734 virtutis
1118 691 1255 745 securus,

124 779 192 853 has,
216 795 294 861 quas
316 777 424 849 vides,
448 777 489 836 ad
510 781 541 837 te
563 775 671 835 literas
694 773 784 835 dedi:
808 789 940 854 quarum
962 771 1173 852 prolixitatem
1186 774 1255 854 ipsa

124 899 230 942 rerum
252 877 486 940 tractandarum
509 884 622 938 natura
642 875 727 955 apud
749 880 781 936 te
801 893 897 954 spero
919 873 1090 936 excusabit.
1112 873 1151 934 Et
1161 893 1254 949 nuuc,

124 981 151 1042 si
174 980 307 1061 pateris,
340 979 380 1039 dc
409 978 583 1040 studiorum
605 995 749 1038 meorum
770 973 894 1037 ratione
923 974 1019 1055 paulo
1041 973 1133 1036 altius
1156 993 1254 1037 exor-

124 1081 274 1142 diendum
297 1087 353 1141 est.

206 1183 275 1262 Ego
307 1181 389 1242 inter
414 1188 462 1244 tot
483 1179 700 1243 distractiones
722 1177 774 1242 vix
803 1176 893 1238 alteri
915 1196 965 1238 me
987 1183 1172 1258 argumento
1194 1195 1255 1240 ve-

123 1281 301 1344 hementius
331 1281 511 1344 incubuisse
549 1281 686 1343 arbitror
723 1277 1003 1362 quantulocunque
1029 1285 1130 1341 tractu
1159 1277 1255 1360 hujus

123 1384 206 1447 vitae
226 1401 325 1460 meae,
349 1401 443 1464 quam
465 1383 553 1463 qnod
583 1401 633 1443 mc
658 1399 804 1443 securum
833 1379 980 1440 redderet
1008 1379 1048 1440 de
1075 1379 1195 1453 futura,
1224 1386 1256 1442 ct

28 1523 31 1529 -
122 1485 205 1546 hanc
226 1503 319 1545 unam
341 1483 417 1545 mihi
439 1484 538 1546 multo
560 1483 727 1544 maximam
748 1480 845 1544 luisse
866 1481 969 1542 fatcor
991 1480 1085 1542 etiam
1106 1479 1255 1560 philoso-

123 1584 242 1666 phandi
265 1602 406 1662 causam;
429 1584 536 1646 tulisse
557 1605 607 1646 me
629 1601 704 1644 vero
718 1581 890 1662 praemium
902 1601 966 1642 non
980 1579 1254 1653 contemnendum,

125 1687 261 1769 quietem
283 1685 413 1757 mentis,
433 1703 481 1759 ac
508 1683 650 1766 profiteri
671 1701 783 1763 posse,
810 1683 1025 1744 demonstrata
1054 1701 1073 1744 a
1095 1702 1145 1744 me
1167 1701 1253 1742 non-

124 1787 227 1860 nulla,
251 1805 332 1868 qnae
353 1786 505 1847 hactenus
527 1790 581 1844 aut
601 1783 809 1844 credebantur
829 1789 969 1858 tantum,
989 1789 1043 1844 aut
1064 1783 1172 1858 ctiam,
1196 1783 1254 1846 etsi

123 1887 227 1967 magni
250 1886 410 1958 momenti,
430 1885 665 1965 ignorabantur.
686 1882 848 1957 Videbam,
874 1883 1079 1964 geometriam
1100 1903 1156 1946 seu
1177 1884 1255 1966 phi-

122 1987 303 2067 losophiam
326 1985 460 2046 deloco
482 1983 614 2065 gradum
635 1989 755 2046 struma
776 1984 816 2044 ad
837 1982 1073 2065 philosophiam
1103 1985 1144 2046 dc
1166 1991 1253 2046 motu

122 2108 180 2150 seu
202 2105 345 2166 corpore,
369 2091 399 2146 et
420 2083 657 2166 philosophiam
679 2085 719 2146 de
741 2091 827 2146 motu
850 2085 892 2146 ad
913 2084 1074 2146 scientiam
1087 2087 1127 2147 de
1140 2092 1252 2148 mente.

123 2172 170 2252 Dc
192 2193 280 2250 motu
303 2207 379 2268 ergo
401 2187 635 2247 demonstratae
655 2193 730 2248 sunt
757 2205 776 2247 a
803 2205 853 2247 me
875 2183 997 2268 aliquot
1018 2186 1253 2268 propositiones

124 2287 228 2369 magni
252 2288 419 2349 momenti:
442 2307 481 2349 cx
504 2286 616 2368 quibus
638 2287 811 2349 nominabo
833 2285 991 2349 hocloco
1014 2287 1108 2350 duas:
1138 2288 1250 2368 primo,

119 2389 241 2450 nullam
262 2409 332 2450 esse
354 2387 578 2450 cohaesionem
598 2408 654 2450 seu
677 2388 910 2451 consistentiam
933 2387 1137 2470 quiescentis,
1167 2409 1251 2452 con-

121 2498 170 2552 tra
192 2508 286 2570 quam
309 2489 449 2552 Cartasio
471 2489 655 2562 visumest,
688 2507 725 2550 ac
746 2489 895 2569 proinde,
926 2489 1075 2570 quicquid
1103 2492 1251 2571 quiescat,

122 2590 402 2672 quantulocunque
423 2597 512 2652 motu
532 2589 649 2670 impelli
673 2597 704 2650 et
725 2587 822 2652 dividi
843 2607 947 2670 posse.
977 2588 1079 2663 Quam
1099 2591 1252 2672 proposi-

122 2692 244 2753 tionem
265 2696 376 2771 postea
398 2690 523 2770 longius
551 2691 701 2771 produxi,
732 2696 765 2750 et
791 2689 912 2763 inveni,
942 2709 1058 2771 corpus
1086 2689 1251 2771 quiescens

121 2791 243 2852 nullum
265 2811 354 2863 esse,
378 2812 437 2853 nec
465 2810 484 2852 a
504 2792 606 2872 spatio
628 2810 729 2854 vacuo
758 2792 894 2852 differre.
937 2790 1026 2852 Unde
1049 2791 1252 2872 consequitur

121 2893 347 2955 demonstratio
378 2892 594 2974 hypotheseos
615 2891 866 2974 Gopernicanae,
895 2891 1055 2973 multaque
1082 2891 1146 2952 alia
1166 2908 1252 2955 nora

120 2993 153 3054 in
182 2991 313 3055 scientia
333 2991 477 3054 naturali.
519 2994 625 3055 Altera
648 3001 703 3069 est,
727 3013 852 3055 omnem
875 2999 993 3054 motum
1015 2992 1047 3052 in
1069 2991 1164 3072 pleno
1182 3011 1251 3054 csse

9 3161 16 3180 .
121 3093 306 3156 circularem
325 3093 606 3170 homocentricum,
629 3115 687 3158 nce
709 3113 804 3175 posse
825 3093 959 3174 intelligi
981 3095 1013 3154 in
1036 3093 1154 3154 mundo
1176 3112 1252 3156 mc-

123 3201 172 3254 tus
194 3195 383 3269 rectilineus,
405 3196 552 3276 spirales,
582 3195 745 3276 ellipticos,
768 3195 892 3270 ovalcs3
915 3194 978 3256 imo
1006 3213 1064 3258 nec
1084 3193 1253 3257 circulares

121 3295 317 3357 diversorum
339 3303 527 3370 centrorum,
549 3295 609 3357 nisi
631 3296 769 3358 admisso
791 3313 902 3360 vacuo.
933 3295 980 3356 De
1001 3295 1071 3356 aliis
1091 3294 1155 3358 hoo
1175 3295 1249 3358 loco

121 3395 227 3456 dicere
248 3394 327 3454 nihil
346 3413 476 3458 necesse
497 3404 552 3458 cst
584 3397 649 3457 Has
671 3403 777 3457 autem
797 3396 870 3458 ideo
892 3413 1044 3469 memoro,
1067 3395 1192 3476 quiaex
1212 3395 1250 3456 iis

120 3494 261 3577 sequitur
283 3494 402 3575 aliquid
423 3497 499 3558 utile
520 3496 676 3576 praesenti
699 3496 855 3559 instituto:
899 3515 937 3557 ex
958 3495 1149 3576 posteriore,
1173 3515 1249 3557 cor-

120 3593 208 3676 poris
232 3595 396 3656 essentiam
418 3615 483 3656 non
505 3597 676 3658 consistere
697 3597 729 3657 in
752 3594 943 3670 extensione,
965 3595 998 3656 id
1020 3601 1068 3656 est
1088 3594 1249 3675 magnitu-

121 3695 195 3756 dine
217 3701 248 3756 et
269 3694 379 3776 figura,
402 3695 475 3778 quia
496 3697 787 3777 spatium-vacuum
809 3715 827 3758 a
850 3714 985 3778 corporo
1007 3695 1165 3762 diversum
1180 3715 1249 3758 esse

120 3815 249 3858 necesse
271 3802 337 3868 est,
368 3817 436 3858 cum
466 3804 571 3859 tamen
591 3798 631 3858 sit
653 3804 831 3873 extensum3
875 3816 915 3858 cx
936 3797 1060 3876 priore,
1083 3796 1249 3858 essentiam

121 3896 264 3978 corporis
286 3897 390 3978 potius
413 3897 583 3960 consistere
603 3897 637 3958 in
659 3905 760 3971 motu,
794 3916 864 3960 cnm
892 3898 985 3978 spatii
1010 3897 1104 3959 notio'
1123 3897 1250 3980 magui·
1306 3911 1310 3922 '

120 3997 228 4059 tudine
250 4005 282 4060 ct
301 3997 417 4078 figura,
440 3998 473 4059 id
496 4006 543 4061 cst
565 3997 764 4074 extensione,
786 3998 976 4060 absolvatur.
1020 3998 1054 4059 ln
1076 3999 1249 4080 geometria

120 4098 331 4162 demonstravi
341 4099 576 4179 propositiones
587 4101 739 4182 quasdam
751 4099 1008 4172 fundamentales,
1031 4099 1145 4179 quibus
1166 4118 1249 4178 geo-

119 4198 228 4258 metria
250 4198 501 4276 indivisibilium,
522 4200 556 4261 id
577 4207 625 4262 est
647 4200 718 4263 lons
740 4198 968 4264 inventionum.
982 4218 1019 4260 ac
1044 4199 1247 4260 demonstra-

118 4297 255 4373 tionum,
279 4299 402 4376 nititur,
432 4301 578 4362 nimirum
609 4321 704 4364 omne
726 4307 875 4380 punctum
898 4317 966 4362 esse
987 4299 1123 4377 spatium
1145 4296 1246 4356 minus
