3056 4868
524 208 679 264 LElBNlZ.
716 208 897 266 ARNAULD.
1108 266 1112 276 „
1228 216 1279 272 149

139 405 229 459 cum,
252 382 306 444 nbi
330 384 435 446 turbat
456 385 568 459 minus,
592 385 694 446 idest
722 384 778 446 ubi
799 381 934 445 aetheris
956 391 1060 446 motus
1083 383 1185 446 minus
1207 383 1279 446 for-

138 484 199 558 tis,
221 484 253 545 id
276 490 324 545 est
344 504 453 546 versus
476 491 627 548 centrum.
669 485 815 567 Denique
846 483 874 544 si
905 483 982 565 quid
1011 485 1043 546 in
1066 486 1180 547 eodem
1203 485 1278 546 loco

139 584 183 646 ita
205 585 315 659 libere,
338 591 441 647 tamen
462 584 576 660 fixum,
599 586 656 662 sit,
689 593 724 647 ut
746 585 807 647 huc
828 585 904 646 illuc
924 587 1002 648 verti
1023 586 1139 666 possit3
1163 586 1195 647 in
1208 606 1280 647 eum

14 723 21 730 -
140 705 174 747 sc
203 685 298 748 situm
332 685 499 766 disponet,
533 706 594 768 qua
622 688 722 748 motui
753 685 890 748 aetheris
920 687 1047 749 minime
1067 688 1181 748 obstat.
1224 687 1280 747 Est

139 794 246 849 autem
268 793 371 849 motus
394 786 529 849 aetheris
551 787 759 860 fortissimus,
790 787 844 868 qni
867 787 969 848 lucem
998 788 1115 850 directe
1137 787 1279 869 sequitur

141 887 181 948 ab
214 887 336 950 criente
357 889 399 949 ad
432 888 628 950 occidentem
656 909 714 970 per
742 887 922 969 parallelos.
965 888 1096 950 Lentior
1124 895 1172 949 est
1200 888 1280 949 alter

141 988 288 1069 obliquus
309 987 483 1068 pressionis
504 988 536 1048 in
559 987 650 1061 latus,
677 1008 736 1070 per
758 988 1017 1070 consequentiam
1039 996 1161 1050 tantum
1184 988 1278 1069 goni-

140 1097 199 1164 tus,
222 1090 262 1151 ad
284 1088 378 1169 polos
400 1107 458 1169 pcr
480 1089 683 1152 meridianos.
715 1089 798 1150 Hinc
820 1090 1178 1171 corporatandcmpost
1192 1090 1279 1150 mul-

139 1198 188 1251 tas
209 1189 394 1271 agitationes
417 1190 626 1252 extremitates
648 1208 721 1251 suas
751 1210 816 1252 non
849 1191 964 1252 orienti
986 1198 1081 1272 atque
1112 1190 1277 1263 occidenti,

140 1311 197 1352 seu
219 1290 319 1351 motui
340 1289 475 1352 aetheris
497 1291 630 1366 fortiori,
654 1292 897 1372 nequedirecte,
921 1291 1166 1374 nequecblique
1185 1291 1277 1353 valde

141 1379 321 1473 opponunt,
337 1409 375 1453 ac
386 1392 521 1472 proinde
543 1391 626 1453 inter
646 1392 740 1472 polos
762 1392 968 1454 collocantur.
998 1392 1093 1466 Quod
1115 1412 1180 1453 non
1203 1399 1278 1453 tan-

139 1502 205 1555 tum
228 1493 268 1554 de
290 1493 482 1574 magneticis,
504 1493 562 1554 sed
583 1493 748 1567 etceteris,
773 1487 875 1554 minus
896 1500 1002 1556 tamen
1024 1493 1205 1554 notabiliter
1216 1513 1277 1556 vc-

140 1614 210 1655 rnm
232 1601 288 1655 est.
316 1594 356 1654 ht
378 1614 434 1656 cur
454 1593 606 1674 inpaucis
629 1601 748 1656 tantum
771 1594 962 1668 notabiliter,
989 1593 1063 1674 quia
1087 1594 1129 1655 uti
1151 1611 1278 1673 pauco-

139 1715 209 1757 rum
232 1713 420 1776 corpcrum,
453 1693 487 1754 id
516 1700 563 1755 est
590 1694 830 1775 perspicuorum
860 1702 997 1767 tantum,
1027 1702 1149 1757 textura
1181 1697 1277 1758 radiis

140 1795 219 1856 lucis
241 1795 415 1876 aequaliter
436 1793 545 1874 pervia
567 1801 630 1867 est,
653 1795 697 1855 ita
726 1794 877 1874 pauciora
909 1794 1005 1875 longe
1037 1814 1174 1877 corpora
1195 1805 1275 1873 sunt,

139 1914 223 1978 quac
244 1897 369 1978 utrique
390 1893 483 1956 simul
511 1894 609 1955 motui
635 1893 770 1955 aetheris
801 1894 842 1954 ab
874 1893 996 1954 oriente
1018 1893 1051 1953 in
1083 1896 1277 1958 occidentem

140 2002 172 2058 et
193 2014 212 2056 a
234 1996 361 2076 tropicis
383 1995 414 2057 in
436 1994 529 2074 polos
550 1994 820 2056 accommodarint
840 2013 937 2073 poros
958 2013 1050 2071 suos;
1082 1996 1188 2077 qualia
1205 2006 1277 2059 sunt

139 2095 317 2176 magnetica
346 2101 475 2157 tantum.
518 2095 559 2156 At
588 2096 711 2157 curvis
744 2095 871 2157 elastica
904 2099 957 2155 aut
988 2095 1191 2158 descensoria
1211 2104 1275 2158 tam

140 2197 230 2259 fortis
252 2203 308 2271 est,
328 2195 485 2259 verticitas
509 2201 572 2256 tam
593 2196 701 2258 lenta?
734 2195 815 2270 Quia
836 2213 856 2256 a
879 2194 1096 2276 penetratione
1118 2217 1176 2277 per
1198 2217 1275 2260 cor-

139 2298 227 2379 poris
248 2297 343 2359 solidi
365 2316 462 2377 poros
485 2296 594 2380 utique
617 2298 703 2361 varie
724 2298 858 2359 intcr‘tos
881 2297 1047 2372 derivatur,
1072 2306 1103 2360 et
1123 2298 1275 2362 illiccor-

140 2419 198 2480 pus
221 2398 341 2460 aetheri
364 2399 487 2471 obstat,
509 2398 599 2460 sicuti
620 2399 672 2461 hic
695 2400 726 2461 in
749 2399 836 2461 omni
858 2399 918 2460 situ
941 2399 1127 2481 quibusdam
1150 2401 1275 2481 promi-

139 2500 252 2561 nentiis
274 2506 305 2560 et
327 2499 468 2561 cavernis
491 2499 644 2579 congruit,
668 2500 856 2582 quibusdam
880 2500 991 2573 obstat,
1014 2502 1275 2581 aetandempost

139 2599 254 2660 multas
283 2599 550 2678 reciprocationes
578 2616 616 2660 ac
650 2606 844 2664 tentamenta
873 2600 967 2661 situm
996 2600 1113 2662 invenit
1143 2601 1273 2664 minime

140 2702 329 2763 obstantem.
366 2699 398 2760 Si
419 2699 489 2781 quis
510 2717 641 2779 magnes
662 2721 759 2780 purus
783 2708 874 2776 esset,
897 2707 981 2762 certa
1001 2701 1112 2762 fortius
1134 2699 1273 2762 circum-

137 2808 292 2884 ageretur.
314 2799 471 2862 Credibile
482 2806 538 2874 est,
560 2819 655 2880 posse
677 2822 716 2864 ex
737 2801 798 2864 hac
811 2801 981 2884 hypothesi
1003 2808 1107 2862 motus
1130 2799 1270 2863 aetherei

136 2903 272 2965 inveniri
312 2901 482 2982 aliquando
501 2910 696 2972 ¹constantes
730 2902 956 2980 declinationis,
981 2902 1087 2964 variae
1119 2901 1270 2964 rationes.

138 3004 251 3084 Sparsa
274 3009 447 3065 astantem
470 3003 647 3084 magnetica
669 3005 715 3068 vis
737 3023 838 3086 prope
860 3023 917 3084 per
940 3003 1046 3064 omnia
1060 3010 1173 3077 terrae,
1196 3002 1270 3064 etin

138 3104 224 3166 omni
246 3104 324 3164 limo
346 3103 507 3165 communi
528 3105 742 3184 experimento
766 3104 932 3166 manifesta
953 3103 1043 3165 reddi
1065 3110 1180 3185 potest.

218 3205 318 3266 Porro
349 3225 389 3266 ex
413 3203 444 3265 vi
473 3204 603 3268 clastica
628 3206 780 3290 pleraque
803 3213 907 3270 cetera
932 3204 1118 3266 admiranda
1139 3211 1269 3268 naturae

136 3305 358 3387 phaenomena
369 3304 509 3366 deduco:
532 3325 668 3386 corpora
686 3307 766 3368 dura
787 3307 874 3368 duris
895 3306 1031 3387 impacta
1045 3306 1119 3368 ideo
1140 3305 1268 3368 tantavi

135 3406 293 3488 repercuti
313 3405 458 3479 arbitror,
481 3407 567 3487 quod
591 3403 749 3488 excipiens
771 3407 876 3469 subito
899 3425 1116 3487 compressum
1127 3406 1269 3468 restituat

134 3527 205 3570 sese
225 3506 323 3568 instar
345 3525 436 3567 arcus
456 3506 602 3568 relaxati:
634 3509 674 3570 ab
698 3509 813 3571 eodem
843 3506 1000 3589 principio
1029 3513 1135 3568 motus
1157 3514 1268 3568 natura

134 3606 281 3688 impressi
300 3607 516 3688 projectorum
538 3608 811 3685 accelerationem,
834 3610 1003 3671 descensus
1025 3608 1189 3688 gravium,
1221 3607 1267 3668 li-

133 3708 294 3772 brationes
316 3707 446 3789 penduli
469 3707 720 3793 chordarumque
732 3717 854 3791 repeto.
885 3711 925 3770 Et
942 3707 1183 3791 quodomnium
1195 3727 1267 3769 ma-

131 3811 250 3871 ximum
273 3816 335 3886 cst,
372 3809 455 3870 viam
476 3808 586 3889 aperio
608 3810 649 3870 ad
670 3811 848 3874 reddendas
870 3812 969 3873 claras
991 3809 1187 3871 mechanicas
1209 3829 1267 3872 ra-

133 3911 237 3973 tiones
267 3909 465 3972 subtiliorum
497 3916 627 3972 naturae
656 3911 815 3973 actionum
842 3910 1138 3985 vehementiorum,
1172 3927 1267 3992 quam
1519 3981 1520 3986 η

133 4011 218 4073 mole
241 4011 380 4092 agentis,
403 4029 539 4093 quorum
562 4010 691 4072 effectus
713 4018 851 4086 tantum,
884 4011 941 4073 sed
962 4010 1267 4074 administrationem
1327 4021 1341 4053 ⁴
1519 3991 1520 4077 i

134 4132 198 4174 non
220 4113 392 4189 sentimus;
414 4111 524 4194 quales
546 4118 619 4173 sunt
639 4111 836 4193 sympathiae
858 4116 888 4174 et
910 4110 1121 4193 antipathiae,
1149 4109 1267 4172 reacti-

133 4233 230 4289 ones,
252 4215 443 4289 solutiones,
464 4212 732 4289 lamentationes,
754 4213 1038 4294 praecipitationes,
1061 4209 1266 4292 deflagratio·
1518 4279 1519 4290 ἶ

134 4333 206 4389 ncs,
229 4314 524 4397 displosionumque
547 4335 642 4378 omne
665 4333 771 4395 genus,
795 4333 873 4397 quas
896 4335 956 4396 ego
979 4333 998 4376 a
1018 4313 1088 4374 sola
1108 4310 1267 4391 inaequa-
