3056 4868
519 254 567 311 ns
586 223 885 324 3333333333.
1215 260 1263 316 171

132 447 191 512 per
213 436 409 512 consequent
428 427 686 511 s’ougmeuteroit
706 427 798 490 d’elle
820 427 923 492 rueme
950 445 1023 490 3333
1043 426 1182 508 quelque
1202 426 1267 488 iur-

131 531 261 614 pulsion
281 531 430 594 nouvelle
452 532 493 594 de
514 531 650 605 dehors3
674 538 705 591 et
727 548 769 591 on
791 546 960 611 remarque
971 529 1054 592 33331
1065 548 1127 611 333
1138 528 1169 590 13
1180 529 1266 591 13333

132 633 205 694 d’un
229 650 321 712 corps
344 631 424 696 n’est
445 649 501 713 pes
525 631 683 693 diminute
713 628 787 712 qu’lt
808 648 932 693 mesore
961 630 1036 713 qu’il
1059 649 1098 692 eu
1121 628 1267 692 donued

133 733 287 815 quelques
310 753 403 816 corps
425 733 570 814 contigue
592 751 635 794 ou
657 729 676 790 3
698 749 748 792 333
770 731 1266 812 33333333311333313313331-

131 832 178 896 les
201 840 320 898 33133
343 840 544 898 mouvement
566 832 585 893 t
604 837 685 914 part.
727 831 815 893 Ainsi
844 832 882 894 ils
909 838 965 894 ont
986 851 1042 893 eru
1070 852 1132 913 que
1155 833 1267 912 33331

133 953 168 996 se
189 941 265 1015 peut
287 933 355 996 dire
376 935 416 996 de
437 935 468 996 13
489 935 594 1007 loros,
622 951 657 995 se
678 933 823 1012 pourroit
844 934 928 995 aussi
955 933 1023 995 dire
1046 933 1086 994 de
1107 933 1139 993 13
1161 951 1266 1014 queu-

132 1035 187 1096 1113
210 1035 250 1097 de
272 1043 482 1098 mouvement.
524 1035 604 1097 Mais
625 1051 707 1114 pour
729 1052 769 1095 en
791 1041 947 1096 monstret
968 1034 999 1094 13
1018 1034 1207 1108 difference,
1227 1035 1266 1115 -je

133 1153 308 1216 suppose
330 1141 425 1218 qu'un
447 1155 541 1217 corps
558 1135 703 1197 tomhnnt
721 1134 814 1196 d'one
827 1134 963 1198 33313133
980 1134 1115 1196 hauteur
1126 1135 1267 1216 33331331

134 1234 164 1296 13
187 1235 274 1296 13333
296 1237 345 1320 d'y
366 1247 540 1311 remonter,
562 1237 588 1298 si
610 1253 645 1298 33
669 1235 829 1299 directior
843 1235 875 1298 le
895 1243 988 1315 porte
1010 1236 1098 1310 31331,
1122 1234 1141 1296 l
1163 1236 1265 1298 moins

135 1335 211 1417 qu'il
232 1355 273 1400 ne
294 1356 329 1398 33
350 1344 497 1401 trouvent
519 1339 672 1422 quelques
694 1336 953 1419 empeehemeus:
980 1355 1038 1418 par
1057 1337 1201 1416 exemplo
1223 1357 1266 1400 un

133 1437 273 1516 pendulo
311 1440 519 1502 remonteroit
548 1438 769 1522 parfaitement
804 1436 823 1497 3
853 1436 885 1498 13
912 1436 1048 1499 hauteur
1068 1437 1149 1500 dont
1175 1439 1198 1499 il
1220 1447 1267 1502 est

135 1537 310 1614 descendo,
337 1541 365 1602 si
391 1542 422 1602 13
451 1539 621 1604 3331313333
650 1539 690 1602 de
716 1537 785 1600 l’air
805 1544 837 1600 et
858 1538 1010 1620 quelques
1042 1545 1148 1602 autres
1174 1540 1266 1621 petits

134 1639 289 1703 obstacles
310 1660 351 1703 ne
375 1637 593 1705 deminuoient
613 1661 656 1702 un
677 1659 740 1720 peu
762 1657 798 1701 33
824 1639 912 1701 13333
934 1638 1071 1719 3333133.
1113 1642 1150 1702 Je
1171 1660 1266 1722 sup*

133 1756 234 1817 pose
256 1741 340 1803 33331
362 1745 437 1824 qu'il
460 1744 655 1804 1331331331
678 1740 718 1802 de
739 1741 826 1801 13333
848 1759 931 1819 pour
953 1741 1059 1804 elever
1076 1759 1119 1802 33
1131 1741 1264 1822 corpsA

134 1841 227 1903 d’one
249 1842 327 1906 livre
359 1841 431 1905 313
451 1844 585 1905 hauteur
609 1842 663 1902 OD
692 1841 733 1902 de
763 1849 874 1922 quntre
895 1841 1009 1915 131333,
1042 1862 1108 1923 333
1130 1842 1266 1906 d'elever

133 1961 177 2002 un
198 1961 291 2022 corps
313 1943 342 2004 B
368 1944 408 2006 de
439 1950 549 2025 333133
578 1943 674 2007 livres
706 1940 725 2002 11
754 1941 785 2002 13
812 1940 948 2003 hauteur
969 1941 1027 2004 EF
1055 1941 1148 2004 d'uue
1163 1944 1266 2006 Ι13133.

133 2043 218 2103 ’1331
239 2042 308 2106 3313
329 2052 378 2107 331
397 2045 531 2107 necorde
553 2063 611 2125 par
632 2061 691 2104 uos
721 2060 889 2103 uouveeux
914 2040 1131 2123 philosophos.
1172 2044 1197 2105 ll
1220 2053 1267 2108 331

208 2139 222 2190 1
552 2145 637 2206 donc
657 2143 840 2217 manifeste,
868 2162 929 2225 que
950 2143 981 2205 le
1003 2161 1096 2224 corps
1116 2144 1145 2206 A
1166 2152 1269 2208 331331

160 2211 259 2334 ΑΨ
551 2246 658 2307 tumbe
681 2244 720 2306 de
742 2244 773 2304 13
792 2242 928 2306 hauteur
952 2245 1005 2305 01)
1027 2262 1046 2305 3
1074 2245 1182 2327 nequis
1204 2264 1267 2308 33-

552 2353 619 2408 1331
641 2347 682 2408 de
702 2346 789 2408 force
809 2345 1019 2426 precisemeut
1039 2367 1100 2430 que
1121 2347 1152 2409 le
1174 2367 1266 2429 corps

207 2444 236 2545 '24
436 2413 451 2461 ¹
550 2447 708 2510 Btornbe
730 2447 771 2508 de
780 2446 811 2508 13
822 2446 959 2508 hauteur
970 2447 1044 2525 EF3
1066 2467 1119 2511 333
1130 2449 1160 2510 13
1173 2469 1266 2530 corps

209 2543 217 2591 ἕ
385 2471 496 2640 BQ&
549 2549 614 2626 (B)
637 2553 740 2610 estant
759 2567 899 2629 parvenu
920 2567 959 2610 en
981 2549 1059 2612 Fet
1080 2569 1100 2631 y
1121 2558 1215 2632 ayant
1236 2551 1267 2612 13

429 2629 476 2734 31
548 2648 1100 2732 13333(1333313313313333313Ἰ
1131 2649 1266 2732 (parta

132 2735 234 2830 (311331
239 2779 258 2822 1>
357 2722 496 2831 snyfflv
546 2751 702 2834 premiere
722 2750 943 2834 suppositor),
966 2768 1058 2832 epar
1074 2757 1267 2831 consequent

133 2853 274 2915 1313333
297 2852 337 2912 de
357 2861 465 2932 porter
487 2874 528 2916 uu
552 2872 645 2934 corps
667 2852 707 2913 de
730 2858 840 2933 quatre
861 2851 964 2926 livres,
987 2851 1266 2914 3331311133333

132 2973 249 3036 propre
271 2973 380 3034 corps,
408 2952 428 3014 t
456 2954 487 3016 13
513 2949 726 3017 hortensius
748 2953 843 3014 d’une
864 2954 961 3028 toise,
994 2962 1026 3029 et
1048 2952 1087 3014 de
1110 2952 1213 3014 meme
1235 2953 1266 3014 13

133 3075 226 3137 corps
247 3056 311 3132 (A)
334 3062 436 3116 estant
456 3075 597 3138 parveuu
620 3075 659 3118 eu
681 3055 711 3116 D
740 3061 772 3116 et
792 3075 812 3137 y
839 3060 934 3137 event
960 3055 992 3116 13
1022 3053 1110 3115 13333
1140 3054 1180 3115 de
1208 3073 1265 3116 33-Ι

133 3165 257 3220 montes
274 3156 398 3238 jusqu’d
422 3158 461 3232 0,
484 3158 555 3219 313
577 3157 664 3219 13333
686 3156 726 3218 de
747 3160 856 3237 perter
877 3177 919 3217 uu
942 3175 1035 3236 corps
1057 3156 1151 3218 d’uue
1175 3154 1264 3228 livre,

133 3259 208 3322 c’est
228 3257 248 3318 3
270 3258 337 3318 dire
358 3275 417 3318 sou
446 3277 563 3339 propre
591 3277 706 3338 corps,
740 3256 760 3318 lt
788 3257 819 3317 13
845 3257 981 3319 hauteur
1003 3258 1057 3319 01)
1086 3258 1126 3318 de
1155 3264 1265 3338 quatre

131 3360 239 3422 131333.
260 3359 351 3420 Dono
374 3361 441 3439 (per
462 3357 494 3419 13
515 3361 654 3421 seconde
675 3357 885 3442 supposition]
907 3359 1047 3420 1313333
1069 3359 1109 3420 (13
1121 3377 1172 3420 ces
1181 3357 1267 3420 deux

39 3479 41 3483 ’
132 3479 225 3540 corps
248 3468 295 3523 est
317 3461 416 3541 egole.
445 3462 576 3544 Voyons
599 3461 794 3523 3313133331
815 3460 842 3521 si
863 3460 894 3520 13
915 3460 1055 3542 33331113
1077 3459 1265 3522 domusve·-

133 3569 218 3626 ment
240 3568 287 3622 est
308 3562 392 3624 aussi
414 3562 445 3623 13
466 3562 568 3624 mdme
590 3563 630 3625 de
650 3567 721 3642 pert
743 3567 775 3623 et
795 3561 934 3622 d'nutre:
958 3561 1034 3622 mais
1057 3562 1132 3624 c’est
1152 3557 1199 3632 13,
1222 3558 1265 3621 od

131 3679 266 3727 333333
289 3663 406 3744 surpris
428 3664 468 3727 de
490 3671 619 3726 trouver
640 3681 702 3724 333
726 3662 893 3724 differeuce
917 3662 1133 3744 grandissime.
1163 3659 1223 3722 Cor
1245 3659 1267 3720 11

131 3783 150 3826 3
172 3767 237 3828 este
261 3765 440 3827 demonstret
462 3783 521 3846 per
543 3764 673 3839 Galilei,
703 3781 765 3846 que
793 3765 825 3825 13
846 3765 978 3826 31313333
1008 3761 1135 3843 ecquise
1156 3779 1214 3842 per
1235 3759 1266 3822 13

10 3861 13 3916 ἔ
131 3867 243 3930 3133313
257 3867 311 3929 OD
333 3874 380 3928 est
401 3865 519 3928 double
540 3865 579 3926 de
602 3864 634 3929 13
655 3863 786 3928 vistesse
807 3866 935 3946 3333133
950 3881 1008 3944 par
1029 3861 1265 3939 1331133131111,

132 3987 279 4052 ququue
302 3968 334 4028 13
355 3966 492 4029 hauteur
513 3965 577 4028 soit
598 3967 784 4048 quadruple.
818 3964 1108 4047 Multiplionsdonc
1128 3964 1159 4026 le
1172 3982 1265 4044 oorps

131 4069 159 4130 A
181 4071 303 4150 331331
325 4087 447 4134 comme
472 4068 485 4131 1
508 4085 568 4149 per
589 4083 624 4128 33
645 4067 775 4130 vistesse
798 4067 850 4150 331
874 4074 921 4130 331
942 4085 1067 4128 comme
1089 4067 1119 4140 2,
1142 4066 1172 4127 le
1184 4085 1266 4145 pro-

131 4169 199 4232 duit
221 4189 263 4230 33
284 4170 316 4231 13
338 4169 480 4252 33331116
503 4170 542 4231 de
565 4177 764 4232 mouvement
785 4185 856 4230 3333
878 4187 1001 4230 comme
1024 4169 1053 4241 2,
1076 4166 1158 4228 etde
1180 4166 1266 4226 133-

131 4279 178 4333 133
199 4278 269 4352 part
290 4271 484 4353 multiplicus
507 4272 538 4333 le
559 4290 652 4354 corps
673 4271 702 4332 B
729 4272 783 4353 qui
805 4276 851 4331 est
873 4287 996 4330 comme
1017 4269 1037 4331 4
1059 4285 1116 4348 par
1137 4283 1174 4326 33
1196 4265 1265 4327 vis-¹

133 4381 214 4436 lesse
236 4373 290 4454 qui
313 4381 360 4435 est
382 4391 503 4435 comme
528 4373 555 4447 1,
578 4374 609 4435 le
630 4371 759 4454 produit
788 4391 830 4434 ou
853 4370 884 4432 13
906 4369 1045 4450 33331113
1068 4368 1107 4429 de
1129 4384 1265 4430 mouve«
