<?xml version="1.0" encoding="UTF-8"?>
<!DOCTYPE html PUBLIC "-//W3C//DTD XHTML 1.0 Transitional//EN"
    "http://www.w3.org/TR/xhtml1/DTD/xhtml1-transitional.dtd">
<html xmlns="http://www.w3.org/1999/xhtml" xml:lang="en" lang="en">
 <head>
  <title>
</title>
<meta http-equiv="Content-Type" content="text/html;charset=utf-8" />
  <meta name='ocr-system' content='tesseract 3.04.00' />
  <meta name='ocr-capabilities' content='ocr_page ocr_carea ocr_par ocr_line ocrx_word'/>
</head>
<body>
  <div class='ocr_page' id='page_1' title='image "./briefwechselzwi01grotgoog_0223.png"; bbox 0 0 3056 4868; ppageno 0'>
   <div class='ocr_carea' id='block_1_1' title="bbox 577 234 1247 293">
    <p class='ocr_par' dir='ltr' id='par_1_1' title="bbox 577 234 1247 293">
     <span class='ocr_line' id='line_1_1' title="bbox 577 234 1247 293; baseline 0.001 -2"><span class='ocrx_word' id='word_1_1' title='bbox 577 234 779 293; x_wconf 71' lang='lat' dir='ltr'><strong>renonem.</strong></span> <span class='ocrx_word' id='word_1_2' title='bbox 1193 235 1247 292; x_wconf 81' lang='lat'><strong>203</strong></span> 
     </span>
    </p>
   </div>
   <div class='ocr_carea' id='block_1_2' title="bbox 299 403 1246 495">
    <p class='ocr_par' dir='ltr' id='par_1_2' title="bbox 299 403 1246 495">
     <span class='ocr_line' id='line_1_2' title="bbox 299 403 1246 495; baseline -0.008 -21"><span class='ocrx_word' id='word_1_3' title='bbox 299 413 383 495; x_wconf 77' lang='lat' dir='ltr'><strong>Ergo</strong></span> <span class='ocrx_word' id='word_1_4' title='bbox 414 418 539 492; x_wconf 87' lang='lat' dir='ltr'><strong>praeter</strong></span> <span class='ocrx_word' id='word_1_5' title='bbox 568 430 683 491; x_wconf 89' lang='lat' dir='ltr'><strong>corpus</strong></span> <span class='ocrx_word' id='word_1_6' title='bbox 714 415 767 470; x_wconf 89' lang='lat' dir='ltr'><strong>aut</strong></span> <span class='ocrx_word' id='word_1_7' title='bbox 794 403 935 488; x_wconf 89' lang='lat' dir='ltr'><strong>corpora</strong></span> <span class='ocrx_word' id='word_1_8' title='bbox 959 424 1088 467; x_wconf 87' lang='lat' dir='ltr'><strong>necesse</strong></span> <span class='ocrx_word' id='word_1_9' title='bbox 1111 413 1158 468; x_wconf 87' lang='lat' dir='ltr'><strong>est</strong></span> <span class='ocrx_word' id='word_1_10' title='bbox 1180 406 1246 467; x_wconf 90' lang='lat' dir='ltr'><strong>dari</strong></span> 
     </span>
    </p>
   </div>
   <div class='ocr_carea' id='block_1_3' title="bbox 143 504 1318 4220">
    <p class='ocr_par' dir='ltr' id='par_1_3' title="bbox 235 504 1248 1180">
     <span class='ocr_line' id='line_1_3' title="bbox 237 504 1248 594; baseline -0.008 -18"><span class='ocrx_word' id='word_1_11' title='bbox 237 515 436 587; x_wconf 77' lang='lat' dir='ltr'><strong>substantias,</strong></span> <span class='ocrx_word' id='word_1_12' title='bbox 460 513 572 594; x_wconf 91' lang='lat' dir='ltr'><strong>quibus</strong></span> <span class='ocrx_word' id='word_1_13' title='bbox 584 530 660 576; x_wconf 82' lang='lat' dir='ltr'><strong>vera</strong></span> <span class='ocrx_word' id='word_1_14' title='bbox 672 513 831 590; x_wconf 81' lang='lat' dir='ltr'>competat</span> <span class='ocrx_word' id='word_1_15' title='bbox 843 504 955 580; x_wconf 90' lang='lat' dir='ltr'><strong>unitas,</strong></span> <span class='ocrx_word' id='word_1_16' title='bbox 969 506 1082 567; x_wconf 82' lang='lat' dir='ltr'><strong>etenim</strong></span> <span class='ocrx_word' id='word_1_17' title='bbox 1095 507 1121 567; x_wconf 91' lang='lat' dir='ltr'><strong>si</strong></span> <span class='ocrx_word' id='word_1_18' title='bbox 1133 507 1248 568; x_wconf 87' lang='lat' dir='ltr'><strong>dantur</strong></span> 
     </span>
     <span class='ocr_line' id='line_1_4' title="bbox 235 608 1247 695; baseline -0.005 -21"><span class='ocrx_word' id='word_1_19' title='bbox 235 615 342 695; x_wconf 89' lang='lat' dir='ltr'><strong>plures</strong></span> <span class='ocrx_word' id='word_1_20' title='bbox 365 613 567 686; x_wconf 86' lang='lat' dir='ltr'><strong>substantiae,</strong></span> <span class='ocrx_word' id='word_1_21' title='bbox 591 630 720 673; x_wconf 87' lang='lat' dir='ltr'><strong>neccsse</strong></span> <span class='ocrx_word' id='word_1_22' title='bbox 733 617 788 684; x_wconf 86' lang='lat' dir='ltr'><strong>est,</strong></span> <span class='ocrx_word' id='word_1_23' title='bbox 812 608 897 690; x_wconf 93' lang='lat' dir='ltr'><strong>quod</strong></span> <span class='ocrx_word' id='word_1_24' title='bbox 909 623 1057 668; x_wconf 89' lang='lat' dir='ltr'><strong>uoavere</strong></span> <span class='ocrx_word' id='word_1_25' title='bbox 1072 608 1247 669; x_wconf 89' lang='lat' dir='ltr'><strong>substantia</strong></span> 
     </span>
     <span class='ocr_line' id='line_1_5' title="bbox 238 708 1245 796; baseline -0.007 -20"><span class='ocrx_word' id='word_1_26' title='bbox 238 714 339 776; x_wconf 86' lang='lat' dir='ltr'><strong>detur.</strong></span> <span class='ocrx_word' id='word_1_27' title='bbox 371 714 429 776; x_wconf 87' lang='lat' dir='ltr'><strong>Vel</strong></span> <span class='ocrx_word' id='word_1_28' title='bbox 442 713 529 796; x_wconf 89' lang='lat' dir='ltr'><strong>qnod</strong></span> <span class='ocrx_word' id='word_1_29' title='bbox 551 713 635 775; x_wconf 89' lang='lat' dir='ltr'><strong>idem</strong></span> <span class='ocrx_word' id='word_1_30' title='bbox 651 721 707 787; x_wconf 91' lang='lat' dir='ltr'><strong>est,</strong></span> <span class='ocrx_word' id='word_1_31' title='bbox 730 712 756 773; x_wconf 94' lang='lat' dir='ltr'><strong>si</strong></span> <span class='ocrx_word' id='word_1_32' title='bbox 777 711 869 792; x_wconf 86' lang='lat' dir='ltr'><strong>plura</strong></span> <span class='ocrx_word' id='word_1_33' title='bbox 891 708 973 769; x_wconf 83' lang='lat' dir='ltr'><strong>entia</strong></span> <span class='ocrx_word' id='word_1_34' title='bbox 996 715 1100 768; x_wconf 89' lang='lat' dir='ltr'><strong>creata</strong></span> <span class='ocrx_word' id='word_1_35' title='bbox 1122 708 1245 783; x_wconf 88' lang='lat' dir='ltr'><strong>dautur,</strong></span> 
     </span>
     <span class='ocr_line' id='line_1_6' title="bbox 237 811 1245 897; baseline -0.005 -21"><span class='ocrx_word' id='word_1_36' title='bbox 237 834 366 878; x_wconf 89' lang='lat' dir='ltr'><strong>necesse</strong></span> <span class='ocrx_word' id='word_1_37' title='bbox 378 823 435 891; x_wconf 88' lang='lat' dir='ltr'><strong>est,</strong></span> <span class='ocrx_word' id='word_1_38' title='bbox 459 813 546 897; x_wconf 92' lang='lat' dir='ltr'><strong>quod</strong></span> <span class='ocrx_word' id='word_1_39' title='bbox 558 813 649 875; x_wconf 89' lang='lat' dir='ltr'><strong>detur</strong></span> <span class='ocrx_word' id='word_1_40' title='bbox 661 811 791 894; x_wconf 81' lang='lat' dir='ltr'><strong>aliquod</strong></span> <span class='ocrx_word' id='word_1_41' title='bbox 803 829 860 870; x_wconf 89' lang='lat' dir='ltr'><strong>cns</strong></span> <span class='ocrx_word' id='word_1_42' title='bbox 882 816 1021 870; x_wconf 88' lang='lat' dir='ltr'><strong>creatum</strong></span> <span class='ocrx_word' id='word_1_43' title='bbox 1042 829 1118 871; x_wconf 87' lang='lat' dir='ltr'><strong>vere</strong></span> <span class='ocrx_word' id='word_1_44' title='bbox 1139 830 1245 872; x_wconf 89' lang='lat' dir='ltr'><strong>unum.</strong></span> 
     </span>
     <span class='ocr_line' id='line_1_7' title="bbox 237 909 1246 999; baseline -0.006 -21"><span class='ocrx_word' id='word_1_45' title='bbox 237 917 350 999; x_wconf 82' lang='lat' dir='ltr'><strong>Nequit</strong></span> <span class='ocrx_word' id='word_1_46' title='bbox 371 917 454 978; x_wconf 91' lang='lat' dir='ltr'><strong>enim</strong></span> <span class='ocrx_word' id='word_1_47' title='bbox 476 914 610 995; x_wconf 81' lang='lat' dir='ltr'><strong>intelligi</strong></span> <span class='ocrx_word' id='word_1_48' title='bbox 629 921 682 975; x_wconf 89' lang='lat' dir='ltr'><strong>aut</strong></span> <span class='ocrx_word' id='word_1_49' title='bbox 693 912 863 974; x_wconf 89' lang='lat' dir='ltr'><strong>subsistere</strong></span> <span class='ocrx_word' id='word_1_50' title='bbox 875 910 954 971; x_wconf 89' lang='lat' dir='ltr'><strong>entis</strong></span> <span class='ocrx_word' id='word_1_51' title='bbox 976 909 1148 992; x_wconf 88' lang='lat' dir='ltr'><strong>pluralitas,</strong></span> <span class='ocrx_word' id='word_1_52' title='bbox 1171 913 1246 991; x_wconf 90' lang='lat' dir='ltr'><strong>quin</strong></span> 
     </span>
     <span class='ocr_line' id='line_1_8' title="bbox 236 1010 1247 1098; baseline -0.007 -19"><span class='ocrx_word' id='word_1_53' title='bbox 236 1017 338 1098; x_wconf 88' lang='lat' dir='ltr'><strong>prime</strong></span> <span class='ocrx_word' id='word_1_54' title='bbox 358 1016 552 1097; x_wconf 79' lang='lat' dir='ltr'><strong>intelligatur</strong></span> <span class='ocrx_word' id='word_1_55' title='bbox 563 1036 617 1078; x_wconf 92' lang='lat' dir='ltr'><strong>ens</strong></span> <span class='ocrx_word' id='word_1_56' title='bbox 630 1035 734 1088; x_wconf 88' lang='lat' dir='ltr'><strong>unum,</strong></span> <span class='ocrx_word' id='word_1_57' title='bbox 753 1013 792 1074; x_wconf 91' lang='lat' dir='ltr'><strong>ad</strong></span> <span class='ocrx_word' id='word_1_58' title='bbox 805 1013 891 1093; x_wconf 92' lang='lat' dir='ltr'><strong>quod</strong></span> <span class='ocrx_word' id='word_1_59' title='bbox 904 1010 1081 1073; x_wconf 89' lang='lat' dir='ltr'><strong>necessario</strong></span> <span class='ocrx_word' id='word_1_60' title='bbox 1093 1013 1247 1074; x_wconf 77' lang='lat' dir='ltr'><strong>referatur</strong></span> 
     </span>
     <span class='ocr_line' id='line_1_9' title="bbox 236 1119 415 1180; baseline 0 -2"><span class='ocrx_word' id='word_1_61' title='bbox 236 1119 415 1180; x_wconf 90' lang='lat' dir='ltr'><strong>multitudo.</strong></span> 
     </span>
    </p>

    <p class='ocr_par' dir='ltr' id='par_1_4' title="bbox 235 1213 1247 1584">
     <span class='ocr_line' id='line_1_10' title="bbox 298 1213 1246 1296; baseline -0.002 -18"><span class='ocrx_word' id='word_1_62' title='bbox 298 1218 379 1279; x_wconf 83' lang='lat' dir='ltr'><strong>Hine</strong></span> <span class='ocrx_word' id='word_1_63' title='bbox 408 1217 466 1280; x_wconf 91' lang='lat' dir='ltr'><strong>nisi</strong></span> <span class='ocrx_word' id='word_1_64' title='bbox 494 1219 612 1279; x_wconf 88' lang='lat' dir='ltr'><strong>dentur</strong></span> <span class='ocrx_word' id='word_1_65' title='bbox 640 1217 832 1279; x_wconf 88' lang='lat' dir='ltr'><strong>substantiae</strong></span> <span class='ocrx_word' id='word_1_66' title='bbox 855 1214 1009 1296; x_wconf 88' lang='lat' dir='ltr'><strong>quaedam</strong></span> <span class='ocrx_word' id='word_1_67' title='bbox 1030 1213 1246 1288; x_wconf 83' lang='lat' dir='ltr'><strong>indivisibiles,</strong></span> 
     </span>
     <span class='ocr_line' id='line_1_11' title="bbox 236 1315 1245 1400; baseline -0.003 -20"><span class='ocrx_word' id='word_1_68' title='bbox 236 1338 371 1400; x_wconf 86' lang='lat' dir='ltr'><strong>corpora</strong></span> <span class='ocrx_word' id='word_1_69' title='bbox 393 1339 458 1380; x_wconf 92' lang='lat' dir='ltr'><strong>non</strong></span> <span class='ocrx_word' id='word_1_70' title='bbox 480 1319 585 1381; x_wconf 83' lang='lat' dir='ltr'><strong>serent</strong></span> <span class='ocrx_word' id='word_1_71' title='bbox 606 1319 726 1394; x_wconf 57' lang='lat' dir='ltr'><strong>realia,c</strong></span> <span class='ocrx_word' id='word_1_72' title='bbox 740 1319 797 1380; x_wconf 92' lang='lat' dir='ltr'><strong>sed</strong></span> <span class='ocrx_word' id='word_1_73' title='bbox 820 1315 1024 1397; x_wconf 89' lang='lat' dir='ltr'><strong>apparentiae</strong></span> <span class='ocrx_word' id='word_1_74' title='bbox 1046 1321 1166 1376; x_wconf 90' lang='lat' dir='ltr'><strong>tantum</strong></span> <span class='ocrx_word' id='word_1_75' title='bbox 1188 1335 1245 1377; x_wconf 91' lang='lat' dir='ltr'><strong>seu</strong></span> 
     </span>
     <span class='ocr_line' id='line_1_12' title="bbox 235 1417 1247 1500; baseline -0.001 -21"><span class='ocrx_word' id='word_1_76' title='bbox 235 1419 471 1500; x_wconf 89' lang='lat' dir='ltr'><strong>phaenomena,</strong></span> <span class='ocrx_word' id='word_1_77' title='bbox 494 1420 575 1482; x_wconf 90' lang='lat' dir='ltr'><strong>sieut</strong></span> <span class='ocrx_word' id='word_1_78' title='bbox 594 1420 663 1494; x_wconf 88' lang='lat' dir='ltr'><strong>iris,</strong></span> <span class='ocrx_word' id='word_1_79' title='bbox 686 1418 810 1481; x_wconf 90' lang='lat' dir='ltr'><strong>sublato</strong></span> <span class='ocrx_word' id='word_1_80' title='bbox 834 1417 952 1499; x_wconf 91' lang='lat' dir='ltr'><strong>quippe</strong></span> <span class='ocrx_word' id='word_1_81' title='bbox 975 1417 1061 1477; x_wconf 91' lang='lat' dir='ltr'><strong>omni</strong></span> <span class='ocrx_word' id='word_1_82' title='bbox 1083 1417 1247 1497; x_wconf 90' lang='lat' dir='ltr'><strong>composi-</strong></span> 
     </span>
     <span class='ocr_line' id='line_1_13' title="bbox 236 1521 568 1584; baseline 0 -3"><span class='ocrx_word' id='word_1_83' title='bbox 236 1521 330 1584; x_wconf 86' lang='lat' dir='ltr'><strong>tionis</strong></span> <span class='ocrx_word' id='word_1_84' title='bbox 352 1522 568 1583; x_wconf 83' lang='lat' dir='ltr'><strong>fundamento.</strong></span> 
     </span>
    </p>

    <p class='ocr_par' dir='ltr' id='par_1_5' title="bbox 235 1618 1248 2204">
     <span class='ocr_line' id='line_1_14' title="bbox 298 1618 1246 1683; baseline -0.001 -2"><span class='ocrx_word' id='word_1_85' title='bbox 298 1620 425 1683; x_wconf 85' lang='lat' dir='ltr'><strong>Interim</strong></span> <span class='ocrx_word' id='word_1_86' title='bbox 447 1642 513 1683; x_wconf 91' lang='lat' dir='ltr'><strong>non</strong></span> <span class='ocrx_word' id='word_1_87' title='bbox 534 1623 607 1683; x_wconf 91' lang='lat' dir='ltr'><strong>ideo</strong></span> <span class='ocrx_word' id='word_1_88' title='bbox 632 1620 800 1682; x_wconf 89' lang='lat' dir='ltr'><strong>dicendum</strong></span> <span class='ocrx_word' id='word_1_89' title='bbox 823 1626 871 1680; x_wconf 87' lang='lat' dir='ltr'><strong>est</strong></span> <span class='ocrx_word' id='word_1_90' title='bbox 899 1618 1103 1680; x_wconf 87' lang='lat' dir='ltr'><strong>substantiam</strong></span> <span class='ocrx_word' id='word_1_91' title='bbox 1125 1619 1246 1682; x_wconf 88' lang='lat' dir='ltr'><strong>indivi-</strong></span> 
     </span>
     <span class='ocr_line' id='line_1_15' title="bbox 235 1721 1245 1806; baseline -0.002 -24"><span class='ocrx_word' id='word_1_92' title='bbox 235 1721 357 1784; x_wconf 90' lang='lat' dir='ltr'><strong>sibilem</strong></span> <span class='ocrx_word' id='word_1_93' title='bbox 380 1723 501 1806; x_wconf 82' lang='lat' dir='ltr'><strong>ingredi</strong></span> <span class='ocrx_word' id='word_1_94' title='bbox 522 1721 784 1803; x_wconf 75' lang='lat' dir='ltr'><strong>compositionem</strong></span> <span class='ocrx_word' id='word_1_95' title='bbox 798 1721 940 1799; x_wconf 90' lang='lat' dir='ltr'><strong>corporis</strong></span> <span class='ocrx_word' id='word_1_96' title='bbox 953 1726 1103 1801; x_wconf 91' lang='lat' dir='ltr'><strong>tanquam</strong></span> <span class='ocrx_word' id='word_1_97' title='bbox 1114 1727 1245 1799; x_wconf 88' lang='lat' dir='ltr'><strong>partem,</strong></span> 
     </span>
     <span class='ocr_line' id='line_1_16' title="bbox 235 1819 1248 1905; baseline -0.002 -23"><span class='ocrx_word' id='word_1_98' title='bbox 235 1823 292 1883; x_wconf 89' lang='lat' dir='ltr'><strong>sed</strong></span> <span class='ocrx_word' id='word_1_99' title='bbox 313 1823 418 1902; x_wconf 91' lang='lat' dir='ltr'><strong>potius</strong></span> <span class='ocrx_word' id='word_1_100' title='bbox 432 1831 580 1905; x_wconf 87' lang='lat' dir='ltr'><strong>tanquam</strong></span> <span class='ocrx_word' id='word_1_101' title='bbox 592 1820 777 1901; x_wconf 90' lang='lat' dir='ltr'><strong>requisitum</strong></span> <span class='ocrx_word' id='word_1_102' title='bbox 789 1821 946 1882; x_wconf 88' lang='lat' dir='ltr'><strong>internum</strong></span> <span class='ocrx_word' id='word_1_103' title='bbox 958 1819 1135 1882; x_wconf 86' lang='lat' dir='ltr'><strong>essentiale.</strong></span> <span class='ocrx_word' id='word_1_104' title='bbox 1162 1821 1248 1881; x_wconf 90' lang='lat' dir='ltr'><strong>Sicut</strong></span> 
     </span>
     <span class='ocr_line' id='line_1_17' title="bbox 235 1920 1246 2002; baseline 0.001 -21"><span class='ocrx_word' id='word_1_105' title='bbox 235 1929 394 2000; x_wconf 91' lang='lat' dir='ltr'><strong>punctum,</strong></span> <span class='ocrx_word' id='word_1_106' title='bbox 417 1923 489 1985; x_wconf 89' lang='lat' dir='ltr'><strong>licet</strong></span> <span class='ocrx_word' id='word_1_107' title='bbox 504 1942 568 1983; x_wconf 92' lang='lat' dir='ltr'><strong>non</strong></span> <span class='ocrx_word' id='word_1_108' title='bbox 590 1922 630 1982; x_wconf 89' lang='lat' dir='ltr'><strong>sit</strong></span> <span class='ocrx_word' id='word_1_109' title='bbox 651 1939 723 2002; x_wconf 89' lang='lat' dir='ltr'><strong>pars</strong></span> <span class='ocrx_word' id='word_1_110' title='bbox 740 1921 948 2001; x_wconf 90' lang='lat' dir='ltr'><strong>compositiva</strong></span> <span class='ocrx_word' id='word_1_111' title='bbox 968 1921 1081 1993; x_wconf 88' lang='lat' dir='ltr'><strong>lineae,</strong></span> <span class='ocrx_word' id='word_1_112' title='bbox 1103 1921 1160 1981; x_wconf 90' lang='lat' dir='ltr'><strong>sed</strong></span> <span class='ocrx_word' id='word_1_113' title='bbox 1182 1920 1246 1982; x_wconf 92' lang='lat' dir='ltr'><strong>be-</strong></span> 
     </span>
     <span class='ocr_line' id='line_1_18' title="bbox 235 2021 1247 2105; baseline 0.001 -23"><span class='ocrx_word' id='word_1_114' title='bbox 235 2028 442 2102; x_wconf 83' lang='lat' dir='ltr'><strong>terogcncum</strong></span> <span class='ocrx_word' id='word_1_115' title='bbox 473 2023 640 2105; x_wconf 87' lang='lat' dir='ltr'><strong>quiddam,</strong></span> <span class='ocrx_word' id='word_1_116' title='bbox 669 2029 772 2083; x_wconf 87' lang='lat' dir='ltr'><strong>tamen</strong></span> <span class='ocrx_word' id='word_1_117' title='bbox 803 2021 981 2083; x_wconf 83' lang='lat' dir='ltr'><strong>necessario</strong></span> <span class='ocrx_word' id='word_1_118' title='bbox 1004 2022 1188 2103; x_wconf 86' lang='lat' dir='ltr'><strong>requiritur,</strong></span> <span class='ocrx_word' id='word_1_119' title='bbox 1213 2029 1247 2083; x_wconf 92' lang='lat' dir='ltr'><strong>ut</strong></span> 
     </span>
     <span class='ocr_line' id='line_1_19' title="bbox 235 2122 654 2204; baseline 0.005 -22"><span class='ocrx_word' id='word_1_120' title='bbox 235 2122 317 2182; x_wconf 89' lang='lat' dir='ltr'><strong>linea</strong></span> <span class='ocrx_word' id='word_1_121' title='bbox 339 2123 379 2182; x_wconf 90' lang='lat' dir='ltr'><strong>sit</strong></span> <span class='ocrx_word' id='word_1_122' title='bbox 401 2129 433 2184; x_wconf 88' lang='lat' dir='ltr'><strong>ct</strong></span> <span class='ocrx_word' id='word_1_123' title='bbox 453 2123 654 2204; x_wconf 86' lang='lat' dir='ltr'><strong>intelligatur.</strong></span> 
     </span>
    </p>

    <p class='ocr_par' dir='ltr' id='par_1_6' title="bbox 143 2223 1306 2909">
     <span class='ocr_line' id='line_1_20' title="bbox 297 2223 1246 2304; baseline 0 -20"><span class='ocrx_word' id='word_1_124' title='bbox 297 2223 460 2286; x_wconf 83' lang='lat' dir='ltr'><strong>Hinccum</strong></span> <span class='ocrx_word' id='word_1_125' title='bbox 477 2242 638 2304; x_wconf 82' lang='lat' dir='ltr'><strong>egerere</strong></span> <span class='ocrx_word' id='word_1_126' title='bbox 659 2225 718 2285; x_wconf 90' lang='lat' dir='ltr'><strong>sim</strong></span> <span class='ocrx_word' id='word_1_127' title='bbox 740 2223 831 2285; x_wconf 90' lang='lat' dir='ltr'><strong>unica</strong></span> <span class='ocrx_word' id='word_1_128' title='bbox 853 2223 1024 2286; x_wconf 89' lang='lat' dir='ltr'><strong>substantia</strong></span> <span class='ocrx_word' id='word_1_129' title='bbox 1045 2223 1246 2286; x_wconf 90' lang='lat' dir='ltr'><strong>indivisibilis</strong></span> 
     </span>
     <span class='ocr_line' id='line_1_21' title="bbox 143 2323 1306 2412; baseline 0 -26"><span class='ocrx_word' id='word_1_130' title='bbox 143 2407 145 2412; x_wconf 23' lang='grc' dir='ltr'>Ι</span> <span class='ocrx_word' id='word_1_131' title='bbox 237 2327 268 2386; x_wconf 94' lang='lat' dir='ltr'><strong>in</strong></span> <span class='ocrx_word' id='word_1_132' title='bbox 285 2323 362 2386; x_wconf 88' lang='lat' dir='ltr'><strong>alias</strong></span> <span class='ocrx_word' id='word_1_133' title='bbox 384 2324 501 2404; x_wconf 87' lang='lat' dir='ltr'><strong>plures,</strong></span> <span class='ocrx_word' id='word_1_134' title='bbox 523 2324 739 2400; x_wconf 89' lang='lat' dir='ltr'><strong>irresolubilis,</strong></span> <span class='ocrx_word' id='word_1_135' title='bbox 762 2343 949 2405; x_wconf 91' lang='lat' dir='ltr'><strong>permaneus</strong></span> <span class='ocrx_word' id='word_1_136' title='bbox 963 2331 994 2384; x_wconf 89' lang='lat' dir='ltr'><strong>et</strong></span> <span class='ocrx_word' id='word_1_137' title='bbox 1005 2333 1152 2386; x_wconf 86' lang='lat' dir='ltr'><strong>constans</strong></span> <span class='ocrx_word' id='word_1_138' title='bbox 1164 2326 1246 2386; x_wconf 92' lang='lat' dir='ltr'><strong>sub·</strong></span> <span class='ocrx_word' id='word_1_139' title='bbox 1302 2405 1306 2412; x_wconf 47' lang='lat'><strong>,</strong></span> 
     </span>
     <span class='ocr_line' id='line_1_22' title="bbox 233 2425 1247 2507; baseline 0.001 -20"><span class='ocrx_word' id='word_1_140' title='bbox 233 2427 352 2507; x_wconf 86' lang='lat' dir='ltr'><strong>jectum</strong></span> <span class='ocrx_word' id='word_1_141' title='bbox 381 2445 522 2490; x_wconf 89' lang='lat' dir='ltr'><strong>mearum</strong></span> <span class='ocrx_word' id='word_1_142' title='bbox 551 2427 710 2488; x_wconf 89' lang='lat' dir='ltr'><strong>actionum</strong></span> <span class='ocrx_word' id='word_1_143' title='bbox 742 2433 773 2492; x_wconf 84' lang='lat' dir='ltr'><strong>ct</strong></span> <span class='ocrx_word' id='word_1_144' title='bbox 807 2425 1005 2507; x_wconf 86' lang='lat' dir='ltr'><strong>passionum,</strong></span> <span class='ocrx_word' id='word_1_145' title='bbox 1040 2445 1169 2488; x_wconf 90' lang='lat' dir='ltr'><strong>necesse</strong></span> <span class='ocrx_word' id='word_1_146' title='bbox 1199 2434 1247 2488; x_wconf 86' lang='lat' dir='ltr'><strong>est</strong></span> 
     </span>
     <span class='ocr_line' id='line_1_23' title="bbox 237 2525 1244 2608; baseline 0 -21"><span class='ocrx_word' id='word_1_147' title='bbox 237 2526 304 2588; x_wconf 89' lang='lat' dir='ltr'><strong>dari</strong></span> <span class='ocrx_word' id='word_1_148' title='bbox 326 2532 452 2607; x_wconf 91' lang='lat' dir='ltr'><strong>praeter</strong></span> <span class='ocrx_word' id='word_1_149' title='bbox 473 2545 587 2607; x_wconf 89' lang='lat' dir='ltr'><strong>corpus</strong></span> <span class='ocrx_word' id='word_1_150' title='bbox 607 2527 791 2608; x_wconf 77' lang='lat' dir='ltr'><strong>organicum</strong></span> <span class='ocrx_word' id='word_1_151' title='bbox 812 2527 1020 2588; x_wconf 88' lang='lat' dir='ltr'><strong>substantiam</strong></span> <span class='ocrx_word' id='word_1_152' title='bbox 1041 2525 1244 2601; x_wconf 89' lang='lat' dir='ltr'><strong>individuam,</strong></span> 
     </span>
     <span class='ocr_line' id='line_1_24' title="bbox 236 2626 1244 2708; baseline -0.001 -19"><span class='ocrx_word' id='word_1_153' title='bbox 236 2633 483 2708; x_wconf 81' lang='lat' dir='ltr'><strong>permanentem,</strong></span> <span class='ocrx_word' id='word_1_154' title='bbox 510 2632 578 2687; x_wconf 87' lang='lat' dir='ltr'><strong>toto</strong></span> <span class='ocrx_word' id='word_1_155' title='bbox 602 2645 717 2706; x_wconf 84' lang='lat' dir='ltr'><strong>genere</strong></span> <span class='ocrx_word' id='word_1_156' title='bbox 739 2626 894 2688; x_wconf 87' lang='lat' dir='ltr'><strong>diversam</strong></span> <span class='ocrx_word' id='word_1_157' title='bbox 916 2645 934 2686; x_wconf 93' lang='lat' dir='ltr'><strong>a</strong></span> <span class='ocrx_word' id='word_1_158' title='bbox 956 2634 1069 2688; x_wconf 89' lang='lat' dir='ltr'><strong>natura</strong></span> <span class='ocrx_word' id='word_1_159' title='bbox 1092 2628 1244 2708; x_wconf 90' lang='lat' dir='ltr'><strong>corporis,</strong></span> 
     </span>
     <span class='ocr_line' id='line_1_25' title="bbox 236 2726 1245 2810; baseline 0 -21"><span class='ocrx_word' id='word_1_160' title='bbox 236 2728 323 2810; x_wconf 93' lang='lat' dir='ltr'><strong>quod</strong></span> <span class='ocrx_word' id='word_1_161' title='bbox 345 2727 377 2788; x_wconf 93' lang='lat' dir='ltr'><strong>in</strong></span> <span class='ocrx_word' id='word_1_162' title='bbox 401 2727 553 2788; x_wconf 89' lang='lat' dir='ltr'><strong>continuo</strong></span> <span class='ocrx_word' id='word_1_163' title='bbox 575 2726 660 2790; x_wconf 83' lang='lat' dir='ltr'><strong>fluxu</strong></span> <span class='ocrx_word' id='word_1_164' title='bbox 682 2745 810 2788; x_wconf 90' lang='lat' dir='ltr'><strong>suarum</strong></span> <span class='ocrx_word' id='word_1_165' title='bbox 832 2726 966 2807; x_wconf 90' lang='lat' dir='ltr'><strong>partium</strong></span> <span class='ocrx_word' id='word_1_166' title='bbox 989 2728 1136 2807; x_wconf 90' lang='lat' dir='ltr'><strong>positum,</strong></span> <span class='ocrx_word' id='word_1_167' title='bbox 1159 2749 1245 2789; x_wconf 89' lang='lat' dir='ltr'><strong>nun-</strong></span> 
     </span>
     <span class='ocr_line' id='line_1_26' title="bbox 237 2827 1056 2909; baseline -0.001 -20"><span class='ocrx_word' id='word_1_168' title='bbox 237 2845 331 2909; x_wconf 88' lang='lat' dir='ltr'><strong>quam</strong></span> <span class='ocrx_word' id='word_1_169' title='bbox 354 2827 439 2889; x_wconf 89' lang='lat' dir='ltr'><strong>idem</strong></span> <span class='ocrx_word' id='word_1_170' title='bbox 460 2835 634 2908; x_wconf 87' lang='lat' dir='ltr'><strong>permanet,</strong></span> <span class='ocrx_word' id='word_1_171' title='bbox 657 2829 713 2890; x_wconf 91' lang='lat' dir='ltr'><strong>sed</strong></span> <span class='ocrx_word' id='word_1_172' title='bbox 734 2836 887 2908; x_wconf 90' lang='lat' dir='ltr'><strong>perpetue</strong></span> <span class='ocrx_word' id='word_1_173' title='bbox 910 2834 1056 2890; x_wconf 90' lang='lat' dir='ltr'><strong>mutatur.</strong></span> 
     </span>
    </p>

    <p class='ocr_par' dir='ltr' id='par_1_7' title="bbox 234 2929 1246 3112">
     <span class='ocr_line' id='line_1_27' title="bbox 297 2929 1246 3012; baseline 0.002 -23"><span class='ocrx_word' id='word_1_174' title='bbox 297 2929 1246 3012; x_wconf 87' lang='lat' dir='ltr'><strong>ltaqueinbominepraeterccrpusdatursubstantiaaliqua</strong></span> 
     </span>
     <span class='ocr_line' id='line_1_28' title="bbox 234 3029 1245 3112; baseline 0.002 -22"><span class='ocrx_word' id='word_1_175' title='bbox 234 3030 433 3110; x_wconf 88' lang='lat' dir='ltr'><strong>incorporea,</strong></span> <span class='ocrx_word' id='word_1_176' title='bbox 457 3030 651 3105; x_wconf 87' lang='lat' dir='ltr'><strong>immortalis,</strong></span> <span class='ocrx_word' id='word_1_177' title='bbox 674 3030 791 3112; x_wconf 89' lang='lat' dir='ltr'><strong>quippe</strong></span> <span class='ocrx_word' id='word_1_178' title='bbox 813 3029 920 3110; x_wconf 90' lang='lat' dir='ltr'><strong>inepta</strong></span> <span class='ocrx_word' id='word_1_179' title='bbox 941 3030 973 3091; x_wconf 92' lang='lat' dir='ltr'><strong>in</strong></span> <span class='ocrx_word' id='word_1_180' title='bbox 996 3037 1099 3110; x_wconf 88' lang='lat' dir='ltr'><strong>partes</strong></span> <span class='ocrx_word' id='word_1_181' title='bbox 1117 3032 1245 3094; x_wconf 87' lang='lat' dir='ltr'><strong>resolvi.</strong></span> 
     </span>
    </p>

    <p class='ocr_par' dir='ltr' id='par_1_8' title="bbox 234 3131 1318 4220">
     <span class='ocr_line' id='line_1_29' title="bbox 298 3131 1247 3213; baseline 0.002 -21"><span class='ocrx_word' id='word_1_182' title='bbox 298 3132 395 3192; x_wconf 89' lang='lat' dir='ltr'><strong>Porro</strong></span> <span class='ocrx_word' id='word_1_183' title='bbox 417 3131 493 3191; x_wconf 94' lang='lat' dir='ltr'><strong>unio</strong></span> <span class='ocrx_word' id='word_1_184' title='bbox 516 3132 639 3194; x_wconf 91' lang='lat' dir='ltr'><strong>animae</strong></span> <span class='ocrx_word' id='word_1_185' title='bbox 661 3152 731 3194; x_wconf 92' lang='lat' dir='ltr'><strong>cum</strong></span> <span class='ocrx_word' id='word_1_186' title='bbox 754 3151 889 3213; x_wconf 92' lang='lat' dir='ltr'><strong>corpore</strong></span> <span class='ocrx_word' id='word_1_187' title='bbox 910 3132 941 3192; x_wconf 91' lang='lat' dir='ltr'><strong>in</strong></span> <span class='ocrx_word' id='word_1_188' title='bbox 962 3131 1092 3194; x_wconf 91' lang='lat' dir='ltr'><strong>homine</strong></span> <span class='ocrx_word' id='word_1_189' title='bbox 1105 3132 1247 3194; x_wconf 89' lang='lat' dir='ltr'><strong>consistit</strong></span> 
     </span>
     <span class='ocr_line' id='line_1_30' title="bbox 236 3230 1246 3314; baseline 0.002 -23"><span class='ocrx_word' id='word_1_190' title='bbox 236 3231 267 3291; x_wconf 93' lang='lat' dir='ltr'><strong>in</strong></span> <span class='ocrx_word' id='word_1_191' title='bbox 290 3230 518 3311; x_wconf 83' lang='lat' dir='ltr'><strong>perfectissime</strong></span> <span class='ocrx_word' id='word_1_192' title='bbox 541 3231 597 3293; x_wconf 93' lang='lat' dir='ltr'><strong>illo</strong></span> <span class='ocrx_word' id='word_1_193' title='bbox 622 3252 786 3307; x_wconf 89' lang='lat' dir='ltr'><strong>consensu,</strong></span> <span class='ocrx_word' id='word_1_194' title='bbox 810 3232 1138 3314; x_wconf 89' lang='lat' dir='ltr'><strong>quomotuumseries</strong></span> <span class='ocrx_word' id='word_1_195' title='bbox 1154 3233 1246 3314; x_wconf 83' lang='lat' dir='ltr'><strong>cogi-</strong></span> 
     </span>
     <span class='ocr_line' id='line_1_31' title="bbox 235 3329 1244 3414; baseline 0.003 -22"><span class='ocrx_word' id='word_1_196' title='bbox 235 3332 389 3392; x_wconf 88' lang='lat' dir='ltr'><strong>tationum</strong></span> <span class='ocrx_word' id='word_1_197' title='bbox 411 3329 504 3392; x_wconf 90' lang='lat' dir='ltr'><strong>seriei</strong></span> <span class='ocrx_word' id='word_1_198' title='bbox 526 3331 707 3413; x_wconf 90' lang='lat' dir='ltr'><strong>respondet,</strong></span> <span class='ocrx_word' id='word_1_199' title='bbox 730 3332 773 3393; x_wconf 88' lang='lat' dir='ltr'><strong>ita</strong></span> <span class='ocrx_word' id='word_1_200' title='bbox 795 3340 829 3393; x_wconf 92' lang='lat' dir='ltr'><strong>ut</strong></span> <span class='ocrx_word' id='word_1_201' title='bbox 850 3351 954 3414; x_wconf 89' lang='lat' dir='ltr'><strong>neque</strong></span> <span class='ocrx_word' id='word_1_202' title='bbox 976 3332 1105 3414; x_wconf 86' lang='lat' dir='ltr'><strong>physice</strong></span> <span class='ocrx_word' id='word_1_203' title='bbox 1120 3353 1244 3414; x_wconf 88' lang='lat' dir='ltr'><strong>corpus,</strong></span> 
     </span>
     <span class='ocr_line' id='line_1_32' title="bbox 236 3429 1246 3513; baseline 0.003 -21"><span class='ocrx_word' id='word_1_204' title='bbox 236 3451 340 3513; x_wconf 91' lang='lat' dir='ltr'><strong>neque</strong></span> <span class='ocrx_word' id='word_1_205' title='bbox 364 3429 530 3492; x_wconf 82' lang='lat' dir='ltr'><strong>occasione</strong></span> <span class='ocrx_word' id='word_1_206' title='bbox 553 3433 695 3513; x_wconf 88' lang='lat' dir='ltr'><strong>eorporis</strong></span> <span class='ocrx_word' id='word_1_207' title='bbox 714 3432 799 3494; x_wconf 89' lang='lat' dir='ltr'><strong>Deus</strong></span> <span class='ocrx_word' id='word_1_208' title='bbox 821 3432 933 3494; x_wconf 87' lang='lat' dir='ltr'><strong>seriem</strong></span> <span class='ocrx_word' id='word_1_209' title='bbox 957 3431 1182 3513; x_wconf 85' lang='lat' dir='ltr'><strong>cogitationum</strong></span> <span class='ocrx_word' id='word_1_210' title='bbox 1208 3454 1246 3495; x_wconf 85' lang='lat' dir='ltr'><strong>ex</strong></span> 
     </span>
     <span class='ocr_line' id='line_1_33' title="bbox 235 3531 1245 3614; baseline 0 -22"><span class='ocrx_word' id='word_1_211' title='bbox 235 3539 346 3594; x_wconf 86' lang='lat' dir='ltr'><strong>natura</strong></span> <span class='ocrx_word' id='word_1_212' title='bbox 370 3531 481 3594; x_wconf 89' lang='lat' dir='ltr'><strong>mentis</strong></span> <span class='ocrx_word' id='word_1_213' title='bbox 504 3541 618 3614; x_wconf 90' lang='lat' dir='ltr'><strong>sponte</strong></span> <span class='ocrx_word' id='word_1_214' title='bbox 642 3533 836 3596; x_wconf 89' lang='lat' dir='ltr'><strong>nascentium</strong></span> <span class='ocrx_word' id='word_1_215' title='bbox 858 3534 1008 3606; x_wconf 89' lang='lat' dir='ltr'><strong>immutet,</strong></span> <span class='ocrx_word' id='word_1_216' title='bbox 1027 3551 1189 3614; x_wconf 84' lang='lat' dir='ltr'><strong>novasque</strong></span> <span class='ocrx_word' id='word_1_217' title='bbox 1212 3533 1245 3593; x_wconf 92' lang='lat' dir='ltr'><strong>in</strong></span> 
     </span>
     <span class='ocr_line' id='line_1_34' title="bbox 236 3633 1246 3715; baseline 0.002 -21"><span class='ocrx_word' id='word_1_218' title='bbox 236 3653 275 3694; x_wconf 94' lang='lat' dir='ltr'><strong>eo</strong></span> <span class='ocrx_word' id='word_1_219' title='bbox 298 3633 470 3713; x_wconf 89' lang='lat' dir='ltr'><strong>producat;</strong></span> <span class='ocrx_word' id='word_1_220' title='bbox 492 3633 548 3694; x_wconf 89' lang='lat' dir='ltr'><strong>sed</strong></span> <span class='ocrx_word' id='word_1_221' title='bbox 570 3634 675 3714; x_wconf 90' lang='lat' dir='ltr'><strong>potius</strong></span> <span class='ocrx_word' id='word_1_222' title='bbox 698 3635 766 3715; x_wconf 90' lang='lat' dir='ltr'><strong>ipsa</strong></span> <span class='ocrx_word' id='word_1_223' title='bbox 787 3633 891 3695; x_wconf 87' lang='lat' dir='ltr'><strong>anima</strong></span> <span class='ocrx_word' id='word_1_224' title='bbox 913 3633 1246 3696; x_wconf 81' lang='lat' dir='ltr'><strong>exsuaesulistantiae</strong></span> 
     </span>
     <span class='ocr_line' id='line_1_35' title="bbox 236 3733 1246 3816; baseline 0.002 -22"><span class='ocrx_word' id='word_1_225' title='bbox 236 3733 385 3814; x_wconf 88' lang='lat' dir='ltr'><strong>propriae</strong></span> <span class='ocrx_word' id='word_1_226' title='bbox 405 3733 518 3798; x_wconf 86' lang='lat' dir='ltr'><strong>virtute</strong></span> <span class='ocrx_word' id='word_1_227' title='bbox 533 3735 610 3796; x_wconf 89' lang='lat' dir='ltr'><strong>tales</strong></span> <span class='ocrx_word' id='word_1_228' title='bbox 633 3735 693 3796; x_wconf 88' lang='lat' dir='ltr'><strong>sibi</strong></span> <span class='ocrx_word' id='word_1_229' title='bbox 716 3735 829 3796; x_wconf 90' lang='lat' dir='ltr'><strong>modos</strong></span> <span class='ocrx_word' id='word_1_230' title='bbox 852 3733 966 3814; x_wconf 83' lang='lat' dir='ltr'><strong>agendi</strong></span> <span class='ocrx_word' id='word_1_231' title='bbox 989 3733 1111 3807; x_wconf 88' lang='lat' dir='ltr'><strong>educat,</strong></span> <span class='ocrx_word' id='word_1_232' title='bbox 1134 3734 1246 3816; x_wconf 84' lang='lat' dir='ltr'><strong>quiex</strong></span> 
     </span>
     <span class='ocr_line' id='line_1_36' title="bbox 234 3831 1244 3916; baseline 0.003 -21"><span class='ocrx_word' id='word_1_233' title='bbox 234 3834 343 3914; x_wconf 90' lang='lat' dir='ltr'><strong>primis</strong></span> <span class='ocrx_word' id='word_1_234' title='bbox 366 3842 496 3895; x_wconf 85' lang='lat' dir='ltr'><strong>naturae</strong></span> <span class='ocrx_word' id='word_1_235' title='bbox 518 3835 640 3916; x_wconf 85' lang='lat' dir='ltr'><strong>legibus</strong></span> <span class='ocrx_word' id='word_1_236' title='bbox 663 3855 733 3897; x_wconf 88' lang='lat' dir='ltr'><strong>eum</strong></span> <span class='ocrx_word' id='word_1_237' title='bbox 747 3832 890 3914; x_wconf 90' lang='lat' dir='ltr'><strong>corporis</strong></span> <span class='ocrx_word' id='word_1_238' title='bbox 903 3831 1040 3894; x_wconf 89' lang='lat' dir='ltr'><strong>motibus</strong></span> <span class='ocrx_word' id='word_1_239' title='bbox 1053 3835 1244 3916; x_wconf 88' lang='lat' dir='ltr'><strong>conspirent.</strong></span> 
     </span>
     <span class='ocr_line' id='line_1_37' title="bbox 235 3933 1244 4014; baseline 0.002 -18"><span class='ocrx_word' id='word_1_240' title='bbox 235 3934 322 3996; x_wconf 91' lang='lat' dir='ltr'><strong>Unde</strong></span> <span class='ocrx_word' id='word_1_241' title='bbox 344 3933 388 4009; x_wconf 80' lang='lat' dir='ltr'><strong>fit,</strong></span> <span class='ocrx_word' id='word_1_242' title='bbox 411 3939 445 3994; x_wconf 90' lang='lat' dir='ltr'><strong>ut</strong></span> <span class='ocrx_word' id='word_1_243' title='bbox 467 3933 638 3996; x_wconf 89' lang='lat' dir='ltr'><strong>certissime</strong></span> <span class='ocrx_word' id='word_1_244' title='bbox 651 3933 881 3995; x_wconf 89' lang='lat' dir='ltr'><strong>unumauimae</strong></span> <span class='ocrx_word' id='word_1_245' title='bbox 894 3935 1244 4014; x_wconf 88' lang='lat' dir='ltr'><strong>autcorpcrismodum</strong></span> 
     </span>
     <span class='ocr_line' id='line_1_38' title="bbox 236 4033 1318 4118; baseline 0.003 -23"><span class='ocrx_word' id='word_1_246' title='bbox 236 4036 370 4098; x_wconf 89' lang='lat' dir='ltr'><strong>aliorum</strong></span> <span class='ocrx_word' id='word_1_247' title='bbox 402 4053 568 4115; x_wconf 92' lang='lat' dir='ltr'><strong>corporum</strong></span> <span class='ocrx_word' id='word_1_248' title='bbox 597 4035 647 4096; x_wconf 91' lang='lat' dir='ltr'><strong>vel</strong></span> <span class='ocrx_word' id='word_1_249' title='bbox 675 4035 849 4097; x_wconf 88' lang='lat' dir='ltr'><strong>animarum</strong></span> <span class='ocrx_word' id='word_1_250' title='bbox 878 4033 964 4095; x_wconf 89' lang='lat' dir='ltr'><strong>modi</strong></span> <span class='ocrx_word' id='word_1_251' title='bbox 999 4047 1243 4118; x_wconf 88' lang='lat' dir='ltr'><strong>consequantur.</strong></span> <span class='ocrx_word' id='word_1_252' title='bbox 1313 4065 1318 4072; x_wconf 93' lang='lat'><em>·</em></span> 
     </span>
     <span class='ocr_line' id='line_1_39' title="bbox 235 4134 1243 4220; baseline 0.003 -25"><span class='ocrx_word' id='word_1_253' title='bbox 235 4137 342 4218; x_wconf 86' lang='lat' dir='ltr'><strong>Neque</strong></span> <span class='ocrx_word' id='word_1_254' title='bbox 360 4137 446 4198; x_wconf 89' lang='lat' dir='ltr'><strong>aliud</strong></span> <span class='ocrx_word' id='word_1_255' title='bbox 468 4143 515 4197; x_wconf 92' lang='lat' dir='ltr'><strong>est</strong></span> <span class='ocrx_word' id='word_1_256' title='bbox 537 4135 679 4216; x_wconf 90' lang='lat' dir='ltr'><strong>operatio</strong></span> <span class='ocrx_word' id='word_1_257' title='bbox 695 4137 786 4198; x_wconf 92' lang='lat' dir='ltr'><strong>unius</strong></span> <span class='ocrx_word' id='word_1_258' title='bbox 797 4134 990 4197; x_wconf 87' lang='lat' dir='ltr'><strong>substantiae</strong></span> <span class='ocrx_word' id='word_1_259' title='bbox 1001 4135 1032 4196; x_wconf 92' lang='lat' dir='ltr'><strong>in</strong></span> <span class='ocrx_word' id='word_1_260' title='bbox 1044 4136 1137 4197; x_wconf 89' lang='lat' dir='ltr'><strong>aliam</strong></span> <span class='ocrx_word' id='word_1_261' title='bbox 1150 4155 1243 4220; x_wconf 90' lang='lat' dir='ltr'><strong>quam</strong></span> 
     </span>
    </p>
   </div>
   <div class='ocr_carea' id='block_1_4' title="bbox 129 4235 1243 4326">
    <p class='ocr_par' dir='ltr' id='par_1_9' title="bbox 129 4235 1243 4326">
     <span class='ocr_line' id='line_1_40' title="bbox 129 4235 1243 4326; baseline 0.003 -31"><span class='ocrx_word' id='word_1_262' title='bbox 129 4297 140 4326; x_wconf 45' lang='lat' dir='ltr'><em>l</em></span> <span class='ocrx_word' id='word_1_263' title='bbox 237 4237 318 4296; x_wconf 89' lang='lat' dir='ltr'><strong>aetio</strong></span> <span class='ocrx_word' id='word_1_264' title='bbox 348 4237 439 4298; x_wconf 91' lang='lat' dir='ltr'><strong>unius</strong></span> <span class='ocrx_word' id='word_1_265' title='bbox 470 4235 678 4313; x_wconf 90' lang='lat' dir='ltr'><strong>substantiae,</strong></span> <span class='ocrx_word' id='word_1_266' title='bbox 709 4255 801 4318; x_wconf 87' lang='lat' dir='ltr'><strong>quam</strong></span> <span class='ocrx_word' id='word_1_267' title='bbox 832 4235 862 4298; x_wconf 85' lang='lat' dir='ltr'><strong>vi</strong></span> <span class='ocrx_word' id='word_1_268' title='bbox 892 4256 1064 4301; x_wconf 87' lang='lat' dir='ltr'><strong>consensus</strong></span> <span class='ocrx_word' id='word_1_269' title='bbox 1086 4237 1243 4318; x_wconf 79' lang='lat' dir='ltr'><strong>generalis</strong></span> 
     </span>
    </p>
   </div>
   <div class='ocr_carea' id='block_1_5' title="bbox 237 4336 920 4418">
    <p class='ocr_par' dir='ltr' id='par_1_10' title="bbox 237 4336 920 4418">
     <span class='ocr_line' id='line_1_41' title="bbox 237 4336 920 4418; baseline 0.004 -23"><span class='ocrx_word' id='word_1_270' title='bbox 237 4337 439 4418; x_wconf 88' lang='lat' dir='ltr'><strong>consequitur</strong></span> <span class='ocrx_word' id='word_1_271' title='bbox 462 4337 544 4402; x_wconf 90' lang='lat' dir='ltr'><strong>actio</strong></span> <span class='ocrx_word' id='word_1_272' title='bbox 567 4337 694 4400; x_wconf 85' lang='lat' dir='ltr'><strong>alterius</strong></span> <span class='ocrx_word' id='word_1_273' title='bbox 718 4336 920 4400; x_wconf 83' lang='lat' dir='ltr'><strong>substantiae.</strong></span> 
     </span>
    </p>
   </div>
   <div class='ocr_carea' id='block_1_6' title="bbox 0 0 1532 4868">
    <p class='ocr_par' dir='ltr' id='par_1_11' title="bbox 0 0 1532 4868">
     <span class='ocr_line' id='line_1_42' title="bbox 0 0 1532 4868; baseline 0 1"><span class='ocrx_word' id='word_1_274' title='bbox 0 0 1532 4868; x_wconf 95' lang='lat' dir='ltr'><strong> </strong></span> 
     </span>
    </p>
   </div>
  </div>
 </body>
</html>
