3056 4868
511 245 661 304 LElBNlZ.
698 244 880 303 nunaunt).
1212 247 1261 302 tta

129 428 170 490 sit
197 425 346 488 transitus
369 422 510 505 ejusdem
532 443 571 484 ex
591 429 672 485 statu
694 421 727 483 in
750 427 873 484 statum.
915 418 982 480 lmo
1007 420 1078 480 rem.
1097 418 1211 480 mutari
1232 417 1264 480 in

130 548 199 590 rem
217 525 284 608 jam
306 525 499 599 existentem,
522 542 593 584 cnm
614 531 718 585 tamen
741 521 855 583 mutari
876 519 917 582 sit
937 518 1009 580 finis
1031 517 1124 580 unius
1146 527 1178 580 et
1198 518 1264 580 ini-

130 627 208 689 tium
230 624 375 698 alterius,
390 642 427 686 ac
448 623 583 704 proinde
604 622 647 698 id,
670 625 757 706 quod
778 623 840 684 iam
863 627 919 694 est,
940 619 1010 682 fieri
1033 639 1072 680 ex
1093 617 1165 681 alio.
1194 620 1265 681 Hoc

131 726 265 808 amplius
286 726 372 787 idem
391 724 461 786 fieri
483 744 522 785 ex
543 723 648 785 multis
660 723 802 797 diversis,
825 729 923 784 totum
946 740 986 783 ex
1007 721 1147 801 singulis,
1170 726 1265 802 atque

132 827 174 888 ita
195 824 301 887 multis
323 825 355 886 in
376 826 480 906 ipsum
502 824 627 886 mutatis
649 844 715 886 non
738 825 855 906 augeri,
877 843 915 885 ac
936 821 1067 902 perinde
1089 839 1169 894 esse,
1191 821 1265 884 acsi

132 946 197 988 nou
219 926 279 988 nisi
301 945 397 988 unum
420 944 532 988 eorum
553 925 740 1007 recepisset,
768 925 802 988 id
836 931 882 988 est
910 922 1103 1009 tantumdem
1135 920 1205 982 fieri
1228 941 1267 983 ex

133 1034 202 1090 toto
226 1033 257 1089 et
279 1032 444 1107 exparte,
467 1045 504 1087 ac
519 1026 655 1109 proinde
676 1032 777 1088 totum
797 1025 879 1107 parti
903 1023 1037 1106 aequale
1059 1041 1148 1099 esse;
1172 1022 1267 1084 deni-

133 1149 196 1209 que
213 1127 326 1209 jactari
347 1127 556 1201 mutationes,
578 1145 695 1210 easque
717 1127 958 1200 substantiales,
981 1143 1041 1188 uec
1060 1131 1166 1188 tamen
1189 1123 1266 1205 qnid

134 1230 182 1291 rei
202 1236 303 1290 actum
326 1227 385 1300 sit,
408 1245 489 1308 quae
511 1226 573 1301 vis,
596 1227 665 1308 quis
688 1227 817 1290 effectus
840 1226 960 1303 subsit,
983 1225 1057 1308 qnid
1081 1224 1158 1302 illud
1180 1224 1267 1311 reale

134 1330 175 1392 sit
194 1328 227 1391 iu
249 1328 361 1404 hostia,
385 1313 441 1388 cur
462 1347 577 1408 corpus
601 1327 712 1390 Christi
734 1328 912 1409 appelletur
932 1327 1048 1410 potius,
1072 1343 1165 1408 quam
1177 1324 1268 1405 panis

135 1431 214 1492 alius
237 1429 349 1512 quiris,
371 1429 420 1491 cui
442 1449 499 1510 per
521 1429 627 1491 omnia
649 1429 758 1492 similis
780 1437 837 1506 est,
860 1428 920 1492 nisi
943 1428 1030 1510 qnod
1052 1427 1116 1488 alio
1139 1424 1268 1487 nominc

135 1532 319 1604 honoretur,
343 1528 404 1592 dici
426 1549 531 1609 posse.
548 1530 639 1592 'Haec
661 1529 717 1602 illi,
739 1531 843 1613 iisque
854 1529 997 1592 duriora:
1020 1525 1268 1610 quibusoptan-

135 1633 209 1694 dum
232 1638 279 1693 est
301 1629 454 1695 exarmari
476 1649 579 1711 posse.
622 1630 756 1704 Addidi,
779 1632 843 1694 dno
865 1631 1027 1718 hominum
1051 1647 1167 1710 genera
1189 1647 1268 1704 esse,

137 1733 249 1814 quibus
269 1729 524 1813 persuadendum
547 1731 595 1793 sit.
627 1731 715 1793 Alios
738 1731 830 1806 enirn,
852 1733 1037 1813 praesertim
1058 1730 1092 1792 iu
1113 1729 1207 1792 rebus
1229 1729 1270 1790 ab

50 1906 52 1922 Ι
137 1854 195 1895 usu
217 1833 301 1896 vitae
323 1831 496 1894 communis
518 1831 656 1904 remotis,
679 1831 865 1894 auctoritate
887 1832 970 1905 duci,
993 1828 1270 1911 acrioreminqui-

136 1932 284 1996 sitiouem
305 1931 338 1992 in
360 1930 508 1996 interiora
528 1951 632 1993 rerum
654 1931 722 1993 aliis
745 1932 1012 1996 transscribentes.
1052 1931 1087 1992 ln
1109 1930 1172 1991 hoc
1192 1928 1271 1991 nihil

137 2033 300 2096 vetustatis
322 2029 518 2106 testimoniis,
541 2032 678 2113 gentium
702 2051 867 2096 consensu.
899 2033 986 2096 Alios
998 2030 1128 2112 proprio
1141 2029 1270 2110 ingenio

138 2130 376 2216 philosophari:
398 2131 485 2194 nolle
505 2133 607 2210 ferre,
631 2133 691 2196 nisi
713 2153 794 2216 quae
816 2134 900 2198 clare
922 2133 1131 2214 distincteque
1152 2130 1272 2211 percipi

139 2242 289 2317 possunt;
312 2232 411 2296 multo
434 2232 535 2296 minus
557 2254 633 2298 vero
657 2254 715 2309 ea,
737 2255 819 2318 qnae
842 2242 960 2317 quanto
983 2234 1178 2316 explicantur
1200 2249 1272 2294 ma-

139 2339 196 2420 gis,
220 2343 308 2398 tanto
330 2333 530 2416 implicantur
551 2336 666 2417 magis:
690 2338 796 2402 odisse
820 2339 927 2401 omnia
948 2323 1196 2408 illa'vocahula,
1218 2340 1271 2394 aut

139 2438 218 2499 nihil
239 2435 456 2516 significantia,
479 2444 533 2498 aut
553 2437 749 2519 inexplicata,
772 2439 885 2520 quibus
907 2439 1014 2500 inania
1024 2443 1182 2519 teguntur.
1214 2434 1271 2496 His

140 2555 325 2622 persuasum
348 2555 436 2612 csse,
464 2546 607 2614 veteres,
636 2541 803 2600 maximam
824 2546 944 2620 partem
966 2536 1190 2617 philosophiae
1212 2557 1272 2598 ex-

140 2647 255 2723 pertes,
278 2653 423 2718 magnam
444 2643 566 2717 partem
588 2638 680 2700 etiam
704 2659 825 2713 osores,
846 2637 1144 2702 rhetoricatiouibns
1163 2637 1273 2699 indul-
1319 2637 1321 2644 ’

141 2743 229 2816 sisso,
253 2745 285 2800 ut
308 2737 454 2821 mysteria
464 2736 539 2798 fidei
551 2739 718 2800 redderent
728 2739 813 2819 plebi
824 2739 1074 2801 admirabiliora:
1095 2738 1276 2818 indepaul-

141 2843 228 2904 latim
256 2838 388 2922 phrases
417 2839 449 2899 in
478 2839 592 2920 dogma
621 2840 803 2916 transiisse;
833 2840 1025 2921 posteriores
1055 2838 1275 2914 scholasticae,

143 2945 257 3006 amissa
280 2939 404 3003 dicendi
425 2939 557 3017 ratione,
579 2941 612 3003 in
635 2941 728 3004 miras
750 2939 982 3022 speculationes
1006 2959 1191 3015 conversos,
1214 2961 1276 3021 pe-

141 3045 262 3127 perisse
283 3042 376 3104 nobis
398 3040 634 3122 philosophiam
656 3042 742 3104 illam
760 3061 923 3123 nugacem,
946 3041 1062 3104 nemini
1073 3040 1274 3117 intellectum,

143 3163 288 3226 magnam
310 3151 431 3224 partem
452 3144 521 3205 sola
539 3142 887 3206 transsubstantiatione
900 3143 1072 3216 defensam,
1095 3149 1148 3202 aut
1160 3141 1276 3204 soliilli

144 3244 362 3309 defendendae
385 3252 607 3324 comparatam.
627 3244 719 3306 Talia
734 3246 906 3318 Baconum,
928 3245 1107 3318 Hobbeurn,
1131 3250 1275 3306 autorem

145 3347 216 3409 libri
236 3343 398 3408 horribilis
422 3345 532 3424 nuperi
554 3346 595 3406 de
616 3345 759 3406 libertate
781 3344 1045 3426 philosophandi,
1066 3347 1183 3425 ingenti
1205 3364 1278 3406 ma-

145 3467 280 3530 gnorum
302 3463 378 3506 suae
399 3451 502 3506 sectae
525 3445 664 3508 virorum
685 3445 806 3526 plausu,
827 3445 1002 3522 induxisse;
1025 3453 1056 3506 et
1074 3447 1186 3506 mirum
1199 3465 1278 3520 csse,

146 3566 241 3631 quam
264 3565 320 3608 eos
343 3543 534 3607 confirmarit
556 3546 684 3608 Carte‘sii
707 3547 925 3628 philosophia,
949 3554 1036 3609 tanto
1059 3548 1099 3608 ab
1121 3546 1198 3626 ipsis
1220 3565 1278 3606 as-
1368 3538 1370 3542 ’

146 3667 240 3712 sensu
261 3653 403 3726 recepta,
435 3654 500 3708 turn
523 3649 610 3730 quod
639 3645 800 3724 annulata,
834 3658 900 3710 turn
923 3648 1009 3730 quod
1032 3651 1194 3710 Romanae
1225 3668 1280 3710 ec.

148 3750 262 3814 clasiae
292 3747 532 3810 inconciliabilis
561 3750 728 3812 videretur.
772 3751 847 3811 Nam
879 3749 932 3832 qui
965 3749 1083 3824 credit,
1113 3750 1279 3812 essentiam

148 3849 289 3932 corporis
313 3849 485 3910 consistere
497 3849 529 3911 iu
541 3851 732 3924 extensione,
755 3853 902 3913 credetne
914 3870 1053 3932 unquam
1067 3871 1180 3932 corpus
1199 3853 1281 3914 alie-

147 3972 220 4014 nam
242 3951 455 4014 extensionem
477 3952 583 4013 subire
603 3972 716 4033 posse,
738 3960 861 4015 servata
882 3951 1055 4014 substantia
1076 3955 1155 4014 sual
1191 3954 1281 4016 Unde

150 4051 402 4116 omnesCartesii
425 4052 457 4113 iu
479 4054 671 4116 contrarium
693 4035 936 4134 protestationes
959 4054 1119 4116 simulatas
1143 4060 1174 4116 et
1195 4054 1279 4114 facto

150 4154 321 4217 contrarias
345 4153 448 4215 credi:
470 4155 555 4216 idem
566 4155 730 4218 societatis
741 4157 815 4218 lesu
827 4174 865 4218 ac
885 4156 1110 4237 plerorumque
1134 4155 1280 4214 ordinum

149 4259 189 4320 de
211 4255 348 4318 Cartesio
368 4255 522 4337 judicium
544 4277 631 4335 esse;
664 4255 793 4319 Cartesii
824 4257 1061 4338 philosophiam
1090 4253 1189 4315 abiis
1223 4271 1281 4331 pro

7 4435 8 4446 χ
73 4359 76 4364 '
150 4367 237 4440 peste
260 4357 421 4440 religionis
444 4377 520 4421 suae
542 4358 669 4436 haberi3
691 4358 753 4422 hoc
776 4361 815 4421 ab
838 4359 971 4423 adversa
992 4363 1082 4438 parte
1104 4373 1167 4434 pro.
1184 4371 1283 4433 argu-
