3056 4868
264 245 315 300 tto
646 237 797 295 LElBNlZ.
834 237 1015 305 ARNAULI).

222 456 227 468 ι
261 420 366 476 mento
389 413 531 476 falsitatis
553 413 665 495 arripi3
689 420 865 494 suspectam
887 415 972 476 enim
993 413 1178 496 religionem
1201 434 1288 490 csse,
1310 436 1395 498 quae

260 519 299 578 ab
332 516 401 596 ipsa
432 514 658 578 vocabulorum
691 515 900 596 explicatione
928 515 1115 588 abhorreat,
1148 533 1230 598 quae
1261 537 1393 581 examen

259 613 316 693 sui,
338 635 421 700 quae
443 634 511 678 eam
533 615 771 696 philosophiam
793 617 913 690 oderit,
934 617 1015 679 inter
1036 617 1126 698 cujus
1148 618 1249 698 prima
1270 621 1393 700 princi·-

258 721 311 800 pia
339 726 386 782 est
415 717 495 778 nihil
523 716 749 778 admittendum
772 738 861 793 esse,
885 719 943 779 nisi
966 719 1053 800 quod
1076 719 1159 780 clare
1182 719 1391 804 distincteque

257 819 456 903 percipiatur.
495 817 669 880 Secutum*
689 817 943 900 philosophicum
967 820 1058 894 oriri,
1089 840 1153 902 quo
1182 839 1257 882 cura
1286 823 1391 884 acrior

256 920 395 984 veritatis
418 926 504 982 extra
525 919 651 980 scholas
673 920 766 981 etiem
787 920 818 980 in
841 919 926 982 viros
952 921 1144 1002 reipublicae
1163 929 1254 983 natos
1267 923 1391 984 ditione

256 1024 365 1096 datur3
397 1022 447 1083 his
469 1021 529 1083 uisi
550 1019 699 1095 satisfiat,
733 1021 931 1102 desperatam
952 1022 1115 1104 religionis
1136 1042 1242 1086 veram
1265 1041 1390 1105 propa-

255 1124 414 1208 gationem
451 1139 546 1197 esse;
578 1139 722 1202 magnam
744 1121 985 1186 couversionem
1014 1132 1136 1206 partem
1168 1125 1237 1186 iore
1270 1125 1389 1206 pallia-

255 1235 338 1303 tam3
369 1221 447 1285 nihil
481 1221 639 1284 efficacius
668 1243 737 1286 esse
766 1225 806 1286 ad
829 1224 1079 1289 confirmandum
1100 1225 1301 1302 atheismum,
1331 1235 1387 1289 ant

254 1335 338 1391 certe
356 1324 591 1386 naturalismum
613 1325 864 1401 invalescentem,
887 1323 1385 1391 etsubruendamaiundamento

250 1431 315 1512 jam
347 1447 428 1509 pene
460 1426 544 1507 apud
566 1426 680 1487 multos
702 1435 733 1489 et
754 1444 884 1507 magnos
907 1427 962 1488 sed
989 1428 1090 1490 malos
1115 1428 1261 1491 homines
1290 1430 1385 1491 laba-

252 1536 391 1593 sceutem
411 1525 573 1608 religionis
595 1525 783 1589 christianae
803 1526 908 1604 fidem,
937 1547 1032 1609 quam
1054 1531 1094 1592 ab
1116 1547 1178 1590 una
1198 1538 1287 1612 parte
1309 1549 1383 1612 mp-

253 1631 349 1694 steria
368 1629 453 1691 fidei·
472 1647 492 1689 a
513 1627 689 1691 christianis
712 1628 857 1690 omnibus
879 1649 1003 1711 semper
1019 1631 1136 1694 eredita
1149 1651 1219 1694 esse
1235 1633 1380 1712 probare,

251 1734 292 1796 ab
315 1733 413 1793 altera
434 1736 522 1810 parte
546 1729 636 1792 certis
658 1737 763 1791 rectae
783 1730 916 1792 rationis
938 1731 1258 1796 demonstrationibus
1275 1751 1381 1814 nuga-

250 1854 320 1896 rum
343 1831 503 1896 convinci:
524 1829 640 1893 multos
661 1830 743 1894 intra
765 1832 929 1894 ecclesiam
957 1833 1033 1913 ipsis
1054 1832 1221 1895 haereticis
1241 1834 1380 1897 acriores

249 1933 357 1996 hostes
379 1951 465 2009 esse;
489 1931 690 1993 metuendum
713 1951 791 2007 esse,
813 1953 853 1995 ue
875 1932 1054 1996 haeresium
1075 1934 1184 1997 ultima
1206 1935 1255 2009 sit,
1277 1935 1303 1997 si
1315 1955 1379 1997 nou

250 2034 438 2108 atheismus,
469 2033 580 2094 saltem
602 2034 823 2097 naturalismus
852 2035 1052 2116 publicatus⁵
1075 2044 1105 2098 ct
1126 2035 1379 2098 mahometanis—

171 2127 173 2132 ’
249 2157 327 2210 mus,
350 2137 532 2216 culparum
554 2133 725 2196 admodum
746 2137 912 2217 dogmatis,
934 2156 994 2199 nec
1015 2136 1082 2198 iere
1103 2137 1378 2218 uisiritussuper-

249 2237 389 2310 eddius
410 2235 555 2297 velideo
578 2243 677 2297 totum
699 2256 780 2317 pene
803 2238 956 2300 orientem
978 2238 1152 2317 occupavit.
1182 2239 1263 2299 Huic
1284 2238 1378 2302 valde

249 2337 399 2398 accedere
419 2336 622 2411 boemianos,
645 2339 699 2418 qui
721 2358 804 2402 nunc
826 2359 883 2420 per
903 2338 1098 2402 Britanniam
1126 2346 1157 2400 et
1178 2339 1376 2401 Germaniam

247 2437 431 2500 interiorem
453 2445 547 2518 caput
568 2439 707 2519 erigant,
739 2447 770 2500 et
792 2459 873 2522 pene
896 2441 1045 2523 quicquid
1073 2459 1258 2522 magnorum
1281 2443 1376 2524 inge-

247 2540 373 2602 niorum
395 2544 442 2601 est
462 2539 622 2600 subtiliter
640 2548 803 2622 occupent.
847 2541 923 2604 Cum
950 2542 1001 2604 his
1028 2542 1173 2605 hostibus
1195 2543 1375 2624 confligen-

247 2643 322 2704 dum
349 2640 443 2702 nobis
472 2659 559 2715 esse,
594 2641 707 2724 quibus
735 2642 826 2704 ludus
860 2649 906 2704 est
931 2643 1057 2724 objecta
1087 2644 1289 2726 philosophia
1318 2665 1375 2708 sua

246 2743 339 2807 etiam
357 2742 488 2804 irridere
509 2748 649 2804 veterum
673 2742 912 2825 simplicitatem.
942 2746 986 2806 Te
1007 2765 1088 2826 pene
1100 2765 1196 2806 unum
1208 2765 1258 2807 me
1268 2766 1373 2821 nosse,

245 2865 284 2908 ex
306 2863 370 2927 quo
388 2843 552 2905 Paschalio
576 2845 757 2918 excidimus,
780 2845 889 2927 quiin
911 2851 1046 2928 utroque
1069 2865 1180 2926 campo
1204 2848 1373 2929 confligere

243 2945 362 3027 possit;
385 2944 437 3027 qui
460 2944 637 3014 eruditione
658 2946 776 3025 pariter
797 2953 829 3006 et
839 2946 1002 3026 sapientia,
1024 2947 1184 3009 rarissimo
1203 2949 1373 3024 connubio,

244 3046 388 3127 polleat;
433 3045 624 3106 documento
658 3066 728 3108 esse
759 3046 867 3109 Artem
900 3047 985 3108 illam
1015 3048 1197 3129 cogitandi,
1228 3049 1372 3112 libellum

244 3164 376 3227 magnae
398 3143 627 3226 profunditatis,
651 3146 738 3228 cujus
761 3147 901 3229 quisquis
923 3156 1016 3211 autor
1037 3149 1095 3223 sit,
1119 3167 1158 3210 ex
1173 3159 1276 3212 vestra
1287 3161 1372 3214 certe

243 3245 354 3308 schola
374 3264 454 3306 esse.
476 3246 618 3328 Subjeci:
640 3247 737 3309 multa
758 3247 834 3309 mibi
855 3249 887 3308 in
902 3250 1033 3313 eandem
1050 3270 1117 3312 rem
1139 3251 1273 3332 cogitata
1292 3272 1371 3327 esse,

242 3353 273 3409 et
294 3346 497 3427 inprimis-de
524 3347 711 3411 eucharistia
732 3349 867 3425 habere,
891 3369 972 3433 quae
996 3351 1036 3412 ad
1056 3351 1133 3413 tanti
1146 3354 1296 3415 momenti
1308 3373 1371 3416 ne-

241 3448 361 3530 gotium
383 3466 573 3530 magnopere
594 3451 752 3529 pertinere
775 3459 888 3531 putem.
932 3454 1012 3512 Tum
1037 3471 1114 3515 vero
1143 3453 1370 3516 illustrissimus

238 3548 477 3630 Boineburgius,
500 3551 553 3632 qui
575 3551 768 3624 meminerat,
790 3569 871 3632 quae
893 3569 978 3614 ame
1000 3552 1122 3634 aliquot
1143 3553 1258 3616 abhinc
1279 3556 1369 3616 annis
1454 3546 1456 3550 ⁴

236 3649 301 3729 jam
324 3650 364 3710 de
386 3650 631 3713 demonstranda
653 3652 873 3732 mysteriorum
893 3652 977 3728 fidei,
1000 3653 1141 3735 inprimis
1160 3654 1369 3718 eucharistiae

579 3808 628 3816 -η

294 3886 321 3939 4)
335 3878 463 3936 Seculum
482 3883 759 3956 philosophorum-
780 3887 883 3960 aliquot
902 3889 1103 3958 propositiones
1129 3891 1218 3960 magui
1239 3893 1367 3944 momenti

236 3972 273 4015 bat
288 3970 368 4026 llmcrv
383 3971 405 4017 S.
421 3969 466 4018 nrt
480 3975 501 4018 n.
516 3977 538 4019 in
555 3977 712 4022 hanzbsiscber
726 3975 888 4034 Uebersetzung
902 3981 1008 4036 gegeben.

294 4052 320 4107 b)
336 4055 440 4112 Emery
454 4057 500 4102 bib
514 4051 666 4120 publicatus
682 4063 786 4107 nuciam
794 4063 1086 4108 Feblerderlbecbrittunt
1095 4065 1227 4122 schltgtvcr
1241 4057 1368 4127 palliatus

236 4150 262 4182 zu
277 4139 344 4183 lesen.
374 4139 465 4183 Fertur
485 4141 582 4185 bemcrkt
597 4144 709 4200 degegen:
733 4146 792 4190 Dans
806 4147 926 4190 l'ancr'eune
940 4146 1000 4200 copie
1016 4147 1052 4202 qui
1068 4159 1120 4192 nous
1136 4151 1170 4191 est
1183 4146 1269 4201 reside,
1292 4148 1339 4202 ily
1354 4160 1368 4192 a

235 4218 279 4260 tres
295 4215 466 4259 distinctcment:
489 4219 561 4260 saltem
575 4221 723 4264 naturalismus
735 4223 861 4277 publicatur.
891 4223 914 4267 Si
929 4224 949 4264 le
964 4226 1007 4265 mot
1026 4223 1144 4277 publicatur
1165 4229 1200 4269 cst
1218 4225 1327 4282 genuine,
1351 4225 1367 4268 il

234 4291 281 4334 iant
295 4291 405 4346 peut-dtre
420 4293 522 4336 entendrc
538 4295 707 4340 numeralitate
722 4299 802 4342 dictari
815 4299 972 4354 pabliqtroment,
989 4310 1071 4343 comme
1082 4299 1176 4356 l’unique
1192 4302 1252 4346 vraie
1267 4301 1364 4357 religion,

235 4376 357 4411 sennenn
373 4378 386 4410 a
401 4363 450 4423 de'ja
465 4367 543 4424 essuri
558 4369 585 4413 de
600 4369 662 4416 taire.
