3056 4868
227 113 278 169 152
604 107 756 166 LElBNlZ.
793 109 975 168 taunuco.

227 283 325 346 verbo
354 283 500 344 alcalium
532 281 669 345 fixorum
700 292 732 346 et
752 283 947 358 volatilium,
978 286 1019 346 ab
1040 285 1110 366 ipsa
1132 283 1186 345 illa
1208 284 1366 347 inanitate

228 386 365 461 densos,
389 403 603 465 compressos,
626 385 763 446 viscidos
783 384 936 447 humores
958 385 1102 467 corporis
1124 384 1223 447 nostri
1244 387 1366 448 absor-

227 484 334 547 bendo
356 494 574 561 exoneratum,
596 485 746 547 sudorem
776 485 1104 568 perspirationemque
1139 487 1266 562 datura,
1296 486 1366 567 peti

228 585 344 647 debere
367 594 497 649 constat.
538 586 576 648 Ut
588 589 684 648 verbo
698 587 809 660 dicam,
832 587 989 648 sententia
1004 587 1084 649 baec
1106 605 1177 649 mea
1198 587 1364 649 nonnullis

228 686 357 749 medicis
379 686 553 768 ingeniosis
575 687 618 748 ita
640 687 739 749 facilis
762 695 793 750 et
814 686 919 749 lueida
940 688 1079 761 videtur,
1108 695 1142 749 ut
1169 688 1260 770 sequi
1292 707 1366 749 cam

229 794 260 848 et
281 789 440 868 applicare
461 789 702 869 particularibus
725 789 784 850 sibi
805 789 889 851 serio
905 789 1148 871 proposuerint:
1170 810 1229 852 nec
1241 788 1365 864 dubito,

229 888 344 968 plnres,
366 909 438 951 cum
460 891 595 971 primum
617 891 844 972 praeceperint,
867 891 1069 971 probaturos.

311 989 391 1050 Sunt
412 991 506 1051 etiam
529 991 606 1051 mibi
628 1000 752 1072 reperta
773 993 940 1075 quaedam,
963 1011 1098 1074 quorum
1110 1011 1184 1052 usus
1195 991 1271 1072 ipsis
1283 1010 1364 1052 sen-

229 1090 315 1152 sibus
338 1090 500 1153 incurrere
521 1091 632 1172 possit.
680 1093 793 1156 Habeo
816 1092 1120 1155 demonstrationem
1153 1091 1291 1173 opticam
1321 1091 1365 1152 de

229 1190 355 1253 vitanda
377 1191 464 1252 omni
492 1193 653 1254 radiorum
683 1193 888 1268 confusione,
907 1198 1161 1276 quantacunque
1192 1193 1285 1254 etiam
1307 1190 1367 1253 fiat

229 1298 378 1371 apertura
399 1293 571 1354 vitrorum:
593 1294 668 1355 item
690 1293 730 1354 de
753 1292 876 1355 ratione
888 1293 1066 1374 colligendi,
1089 1292 1366 1375 nonomnesqui-

162 1420 170 1431 ·
230 1392 317 1465 dem,
340 1393 446 1472 plures
467 1399 574 1455 tamen
594 1394 703 1455 radios
725 1393 758 1453 in
781 1413 878 1455 unum
900 1401 1059 1475 punctum,
1082 1412 1177 1474 quam
1199 1412 1365 1455 111111-

230 1491 283 1552 let.
324 1493 436 1555 Habeo
458 1494 621 1556 machinas
644 1495 722 1556 duas
753 1495 948 1576 designatas,
978 1495 1109 1556 alteram
1140 1493 1363 1568 arithmeticae,

229 1591 360 1655 alteram
387 1595 580 1675 geometriae
617 1595 852 1675 provehendae.
895 1596 976 1671 llla,
1008 1602 1169 1677 utcunque
1197 1594 1363 1675 portatilia,

229 1692 293 1754 boc
316 1693 420 1771 efficit,
443 1702 477 1756 nt
497 1695 530 1756 11
552 1697 696 1759 maximis
719 1697 859 1758 numeris
881 1696 1016 1770 additio,
1039 1695 1230 1776 subtractio,
1253 1695 1365 1756 multi·
1458 1737 1464 1745 ·

230 1795 378 1875 plicatio,
401 1795 533 1873 divisio,
555 1817 638 1878 pene
669 1797 738 1860 sine
771 1798 860 1860 nullo
883 1798 995 1860 labore
1018 1797 1131 1871 animi,
1154 1802 1269 1877 sponte
1292 1814 1366 1857 ma-

231 1897 344 1960 chinae
370 1905 578 1979 peragantur:
609 1900 707 1962 altera
729 1900 850 1981 aperiet
873 1899 1030 1961 rationem
1051 1917 1167 1960 novam
1190 1897 1362 1980 aequatio-

231 2018 287 2060 nes
316 1999 487 2081 analyticas
510 2006 541 2062 11
562 1999 737 2081 figurarum
759 2001 985 2082 proportiones
1007 1999 1365 2081 transformationesque

231 2099 299 2161 sine
322 2101 453 2176 tabulis,
476 2101 544 2163 sine
566 2103 705 2176 calculo,
729 2101 797 2163 1111
820 2100 1096 2175 delineationibus,
1120 2120 1177 2180 per
1187 2098 1366 2162 machinam

233 2200 478 2277 determinandi,
510 2208 542 2262 et
562 2201 747 2282 perficiendi
779 2202 998 2283 geometriam,
1033 2210 1184 2285 quantum
1206 2220 1287 2281 opus
1310 2208 1368 2275 ast,

232 2301 274 2361 ad
295 2321 387 2363 usum
408 2302 500 2364 vitae.
547 2303 643 2374 Nam,
666 2311 698 2364 ut
720 2303 808 2384 quod
828 2322 879 2364 res
901 2310 949 2364 est
970 2301 1082 2377 dicam,
1104 2301 1286 2365 trisectione
1306 2321 1371 2363 an-

231 2400 306 2482 guli,
329 2407 383 2462 aut
403 2402 594 2483 quadratura
616 2403 733 2477 circuli,
755 2403 954 2486 aliorumque
971 2403 1005 2464 id
1016 2421 1115 2483 genus
1133 2402 1367 2482 problematum

232 2503 389 2566 solutione
407 2495 470 2565 vnec
491 2503 678 2585 indigemus.
712 2505 788 2566 Sunt
810 2504 893 2565 enim
916 2505 957 2566 ad
979 2523 1070 2566 usum
1091 2504 1175 2566 vitae
1186 2504 1369 2566 salutatam

232 2611 395 2678 accurate,
418 2606 505 2667 utin
528 2613 684 2686 potestate
705 2613 814 2668 nostra
836 2605 893 2681 sit,
922 2612 1074 2688 quantum
1097 2622 1202 2666 errare
1222 2604 1367 2666 velimus.

231 2706 301 2768 Hoc
323 2707 349 2768 si
372 2708 413 2768 ad
435 2728 545 2770 omnes
567 2707 684 2790 figuras
706 2707 890 2789 cogitabiles
902 2706 1161 2780 transtulerimus,
1184 2706 1366 2778 nonvideo,

233 2805 307 2888 quid
330 2809 432 2888 possit
453 2811 492 2872 ad
515 2829 606 2871 nsum
628 2808 812 2872 desiderari.

316 2907 426 2972 Cetera
448 2928 518 2972 mea
540 2929 718 2972 memorare
740 2909 820 2970 nibil
842 2909 959 2969 attinet.
992 2906 1070 2968 Sunt
1085 2905 1368 2968 1111111111111-

232 3007 333 3083 nulla,
365 3030 447 3093 quae
479 3011 644 3072 temeraria
676 3009 835 3091 promissu
861 3008 962 3072 videri
985 3015 1132 3088 possunt,
1162 3007 1221 3069 nisi
1253 3007 1367 3069 eodem

233 3116 393 3170 momento
425 3118 634 3190 praestentur.
676 3111 776 3172 Unum
800 3109 903 3184 addo,
936 3109 1084 3171 incidisse
1113 3127 1162 3169 me
1185 3109 1217 3170 in
1239 3108 1369 3170 modum

234 3211 461 3290 comprimendi
490 3211 573 3275 111111
605 3213 677 3294 1111
710 3212 843 3286 centies,
878 3218 911 3272 ut
933 3211 1095 3272 minimum
1118 3209 1238 3282 dicam,
1273 3225 1369 3290 quam

234 3329 319 3372 nunc
340 3332 519 3392 possumus.
552 3313 657 3389 Unde,
681 3320 799 3397 quanta
819 3314 852 3375 in
873 3313 936 3377 vim
957 3311 1118 3374 elasticam
1141 3311 1218 3372 11111
1239 3329 1369 3371 1111111

233 3411 287 3485 111,
320 3415 479 3478 1111111111
500 3421 615 3496 111111.
656 3415 704 3479 De
732 3414 782 3477 bis
812 3415 946 3496 aliisque
967 3412 1140 3495 aliquando
1162 3410 1239 3473 mibi
1263 3429 1371 3472 coram
1475 3485 1477 3488 ι

233 3512 386 3596 loquendi
413 3524 517 3580 tecum
540 3517 663 3598 copiam
685 3517 790 3578 datum
812 3516 852 3577 iri
874 3535 978 3597 spero.
1011 3514 1056 3575 lta
1079 3513 1162 3576 enim
1184 3511 1268 3574 serio
1290 3529 1370 3572 sen-

233 3615 293 3689 tio,
322 3637 380 3679 nec
410 3620 526 3701 opinor
556 3619 660 3694 solus,
694 3637 763 3680 eam
795 3637 864 3680 1111
896 3615 1071 3678 doctrinam
1104 3622 1136 3676 11
1168 3612 1370 3675 autoritatem

233 3722 327 3790 tuam,
350 3727 384 3780 ut
405 3722 445 3782 ad
467 3719 700 3802 provehendos
713 3738 822 3781 eorum
844 3725 984 3792 conatus,
1007 3715 1060 3798 qui
1083 3735 1117 3777 11
1138 3713 1266 3796 publico
1290 3732 1372 3793 pro-

234 3817 541 3900 iectuiimpendnnt,
564 3841 629 3883 non
641 3827 759 3882 1111111
771 3818 851 3882 alius
862 3817 995 3900 reperiri
1017 3816 1118 3898 possit
1139 3823 1181 3891 te,
1205 3821 1236 3877 11
1257 3814 1297 3875 ad
1315 3812 1369 3873 di-

234 3920 450 3997 gnoscendum
473 3923 666 3996 accuratior,
694 3928 726 3982 et
746 3921 786 3982 ad
809 3919 1095 3983 commendandum
1118 3915 1288 3979 efficacior.
1330 3913 1370 3973 Et

235 4038 284 4080 me
315 4040 409 4101 spero
438 4042 620 4103 proponere
650 4021 804 4083 nonnulla
831 4039 946 4102 posse,
978 4021 1063 4082 unde
1094 4017 1201 4099 aliqua
1232 4012 1369 4077 scientiis

234 4120 442 4199 incrementa,
466 4131 497 4186 11
518 4125 559 4186 ad
580 4123 759 4186 felicitatem
781 4123 959 4195 humanam,
982 4121 1023 4180 ad
1044 4119 1089 4180 rei
1105 4117 1248 4178 medicae
1271 4113 1368 4176 certi-

170 4262 182 4282 .
235 4221 374 4284 tudinem
396 4224 482 4289 baud
509 4227 606 4308 paulo
635 4226 798 4308 majorem,
827 4224 915 4304 cujus
938 4239 1020 4282 nunc
1043 4217 1272 4300 deplorandam
1293 4235 1372 4297 por-
