3056 4868
573 211 777 268 FARDELLA.
1188 215 1241 269 205

105 393 164 454 toti
186 391 387 469 homogenea
409 395 472 461 est,
503 386 617 450 eodem
640 386 739 448 modo
763 394 796 449 ut
819 393 933 468 puncta
956 405 1019 447 non
1042 391 1116 448 sunt
1136 390 1242 464 partes

106 495 269 556 linearum.
312 489 441 552 interim
457 507 601 568 corpora
624 488 773 570 organica
803 489 1045 551 substantiarum
1074 488 1107 548 in
1136 487 1243 567 aliqua

107 593 257 656 materiae
279 608 382 652 massa
411 588 600 652 inclusarum
623 597 695 651 sunt
721 598 826 670 partes
856 590 950 671 hujus
972 607 1102 652 massae.
1144 587 1190 649 lta
1210 585 1243 646 in

108 695 230 777 piscina
259 693 366 753 insunt
387 690 475 752 multi
502 691 622 770 pisces3
652 697 682 752 el
703 691 819 752 humor
841 691 992 773 cujusque
1019 689 1114 769 piscis
1135 707 1243 750 rursus

110 806 157 860 est
178 793 268 876 quasi
292 793 412 873 piscina
435 792 605 874 quaedam,
637 794 669 852 in
700 809 762 873 qua
790 794 875 854 velut
903 792 955 854 alii
985 779 1087 871 pisces
1116 798 1169 850 aut
1196 790 1245 852 sui

111 899 234 978 generis
245 892 395 956 animalia
416 892 626 968 stabulantur3
649 893 737 955 etita
758 913 856 973 porro
879 894 910 954 in
932 891 1096 954 infinitum.
1124 891 1246 970 Ubique
1295 958 1298 964 ,

41 1052 44 1057 .
111 997 205 1077 igitur
226 997 258 1056 iu
281 995 411 1056 materia
433 1002 507 1056 sunt
527 993 736 1068 substantiae,
760 1002 793 1055 ut
813 994 845 1054 in
868 994 951 1056 linea
978 1000 1103 1074 puncta.
1146 991 1185 1052 Et
1212 997 1249 1051 ut·

112 1097 198 1157 nulla
220 1097 312 1157 datur
333 1095 439 1176 portio
463 1095 576 1168 linoae,
606 1097 638 1155 in
661 1114 722 1176 qua
745 1115 808 1156 nou
831 1095 892 1156 sint
915 1093 1034 1155 infinita
1055 1102 1180 1174 puncta,
1203 1094 1245 1155 ita

112 1199 200 1264 nulla
222 1199 314 1259 datur
335 1197 440 1275 portio
463 1197 624 1269 materiae,
647 1196 678 1255 in
691 1215 753 1277 qua
764 1215 829 1256 non
851 1196 913 1257 sint
932 1194 1074 1256 infinitae
1096 1197 1247 1258 substan-

114 1299 184 1361 tiae.
228 1299 290 1360 Sed
320 1296 585 1379 quemadmodum
614 1315 677 1358 non
708 1304 855 1378 punctum
879 1304 1019 1379 estpars
1040 1297 1159 1370 lineae,
1190 1299 1247 1358 sed

115 1401 206 1473 linea,
228 1401 260 1459 in
283 1417 345 1480 qua
368 1404 415 1460 est
435 1405 594 1477 puuctum,
617 1399 659 1459 ita
681 1418 809 1480 quoque
831 1399 1068 1459 animanonost
1088 1416 1161 1478 pars
1177 1416 1227 1459 ma

115 1502 222 1574 toriae,
243 1502 300 1562 sed
325 1519 440 1580 corpus
464 1499 513 1560 oui
536 1499 626 1560 inest.
669 1500 716 1558 An
739 1499 889 1562 veredici
910 1499 1020 1580 possit,
1042 1499 1157 1560 animal
1180 1517 1249 1560 esse

115 1611 235 1683 partem
259 1602 416 1677 materiae,
440 1600 485 1661 uti
506 1600 600 1680 piscis
613 1607 743 1681 estpars
767 1600 916 1681 piscinae,
937 1607 1113 1661 armentum
1136 1600 1249 1681 gregis,

117 1703 392 1767 considerandum.
435 1701 474 1763 Et
495 1720 571 1763 vero
599 1701 625 1761 si
648 1701 766 1761 animal
787 1681 982 1780 co'noipiatur
1003 1707 1037 1760 ut
1058 1720 1107 1762 res
1129 1699 1250 1762 babens

117 1814 231 1887 partes,
254 1805 343 1866 idest
366 1810 399 1863 ut
421 1822 536 1882 corpus
559 1802 664 1862 anima
685 1800 871 1881 praeditum,
893 1801 1058 1873 divisibile,
1080 1801 1250 1862 destructi-

117 1909 198 1983 bilo3
222 1904 394 1966 concedam
416 1923 486 1966 esse
509 1911 629 1984 partem
652 1902 812 1975 materiae,
835 1921 905 1964 cum
927 1901 1029 1962 omnis
1051 1921 1124 1981 pars
1147 1909 1251 1964 mate-

118 2009 185 2070 riae
206 2007 321 2068 babeat
340 2013 454 2085 partes,
477 2006 533 2067 sed
555 2024 619 2064 non
642 2002 814 2064 concedam
835 2021 905 2064 esse
927 2003 1131 2064 substantiam
1148 2023 1251 2085 neque

120 2128 186 2170 rem
208 2105 504 2183 indestructibilem3
527 2106 611 2167 idem
635 2112 681 2168 est
702 2105 742 2165 de
763 2103 902 2164 homine.
943 2104 1021 2164 Nam
1044 2105 1070 2164 si
1090 2102 1189 2165 homo
1213 2105 1253 2165 sit

121 2211 223 2290 ipsum
252 2226 345 2288 ego,
374 2226 477 2289 neque
499 2207 595 2269 dividi
619 2226 722 2286 neque
744 2205 872 2267 interire
901 2212 1019 2287 polest,
1049 2225 1152 2286 neque
1180 2223 1253 2287 pars

122 2316 170 2372 est
190 2309 338 2370 materiae
360 2307 577 2389 homogenea;
599 2308 646 2370 sin
669 2306 805 2369 hominis
826 2306 1039 2388 appellatione
1061 2306 1254 2388 intelligatur
1314 2353 1318 2360 .

123 2412 154 2472 id
178 2410 262 2491 quod
284 2408 375 2490 perit,
397 2407 494 2469 bomo
517 2409 576 2470 erit
598 2428 669 2489 pars
686 2409 851 2485 materiae3
873 2408 952 2470 illud
974 2428 1050 2471 vero
1072 2407 1253 2470 indestruc-

123 2513 210 2574 tibile
239 2512 359 2572 dicetur
389 2510 537 2584 anima,
575 2530 703 2583 mens,
741 2529 834 2590 ego,
873 2510 959 2591 quod
1000 2527 1072 2590 pars
1104 2510 1254 2571 materiae

123 2633 187 2674 non
210 2613 268 2673 crit
280 2619 300 2672 ³.

337 2967 388 3023 Am
409 2969 503 3026 Raude
523 2972 611 3025 urben
630 2973 679 3025 der
698 2971 797 3024 letzteu
816 2966 1041 3024 Declaratio.

210 3113 347 3193 Corpus*
369 3134 434 3175 non
457 3123 504 3177 est
516 3133 577 3177 una
594 3115 777 3190 substantia,
800 3115 856 3176 sed
866 3110 1058 3176 substantiae
1071 3129 1127 3172 seu
1140 3129 1257 3193 aggre-

185 3309 210 3362 ³)
233 3311 285 3354 llier
306 3313 405 3355 sobliesst
426 3315 465 3356 der
480 3315 553 3372 llogeu
570 3315 608 3358 ruit
622 3317 670 3358 dem
686 3316 777 3360 Custos:
800 3305 926 3360 Tantum.
956 3314 997 3359 uie
1011 3313 1151 3370 Forlaetzuug
1165 3316 1194 3358 ist
1209 3327 1259 3359 vrr-

126 3395 210 3453 gebllcb
225 3405 266 3439 rou
282 3395 323 3438 mir
337 3395 427 3452 gesucht
441 3398 537 3440 worden.

186 3468 212 3522 l)
227 3471 273 3515 but
293 3473 361 3515 einen
384 3473 518 3530 ringelegten
542 3475 653 3520 llllittulren
675 3477 704 3520 lat
728 3477 767 3520 der
790 3475 860 3518 luhalt
881 3474 951 3518 dieses
973 3473 1077 3518 Abaatzea
1100 3484 1124 3516 ro
1148 3473 1259 3530 gegeben:

129 3545 234 3617 Corpus
254 3563 308 3600 nou
328 3555 369 3599 est
386 3547 545 3614 substantia,
564 3551 612 3606 sed
631 3559 802 3621 aggregatum
822 3550 1039 3613 substantiarum,
1065 3557 1170 3603 constat
1189 3549 1260 3602 euim

128 3656 161 3693 ex
180 3637 301 3707 pluribus
319 3637 429 3690 realiter
448 3637 596 3704 distinctis,
616 3640 938 3713 quemadmodumstrues
956 3640 1101 3710 lignorum,
1120 3641 1262 3711 congeries

127 3728 255 3800 lapidum,
275 3745 347 3797 grex,
367 3728 508 3792 exercitus,
528 3731 641 3800 piscina,
662 3731 689 3783 in
709 3747 760 3802 qua
781 3730 857 3783 multi
877 3738 971 3786 natant
982 3731 1079 3800 pisces.
1115 3726 1150 3784 Et
1160 3741 1263 3785 unum-

129 3819 254 3889 quodque
274 3826 452 3887 corpusffaotu
471 3818 585 3872 divisum
605 3830 648 3874 cst
665 3819 693 3873 in
713 3821 788 3890 plura
808 3837 921 3891 corpora
942 3829 1077 3875 contenta.

200 3907 258 3960 lam
279 3924 334 3961 nou
354 3907 453 3960 dautur
470 3908 644 3974 substantiae,
673 3909 720 3963 ubi
740 3927 794 3962 non
814 3911 893 3963 datur
911 3911 1067 3980 substantia,
1095 3927 1146 3965 nec
1165 3911 1264 3964 dantur

130 3998 245 4062 numeri,
265 3997 316 4052 uisi
337 3998 391 4052 siut
410 4000 535 4063 unitates,
556 3999 648 4071 itaque
667 4015 778 4053 necesse
798 4008 839 4054 art
856 4010 964 4071 praeter
982 4017 1098 4072 corpora
1117 4001 1175 4054 dari
1192 4001 1264 4076 pub-

130 4087 239 4139 slantias
258 4089 385 4158 quasdam
406 4104 468 4142 rere
487 4105 554 4142 uuas
573 4105 621 4142 seu
640 4089 828 4155 indivisibiles,
848 4108 961 4163 quarum
981 4092 1131 4162 aggregatis
1150 4107 1263 4160 corpora

130 4176 334 4230 constituantur.

201 4263 287 4320 Error
306 4264 529 4339 pbilosophorum
549 4267 727 4323 materialium
747 4270 820 4324 ineo
837 4279 884 4336 est,
905 4271 976 4342 quod
995 4271 1083 4341 agnita
1104 4269 1266 4324 necessitate

130 4355 248 4418 unitatis,
268 4352 338 4408 liano
350 4357 525 4414 substantiam
539 4359 688 4414 inmaturia
700 4360 867 4432 quaesivere,
887 4362 964 4432 quari
983 4377 1081 4432 corpus
1101 4361 1186 4414 ullum
1206 4360 1264 4414 dari
