3056 4868
278 209 332 265 208
388 223 390 228 ·
774 201 925 261 LElBNlZ.

280 377 416 440 lltneroc
440 383 535 455 purte
557 377 586 439 2.
628 377 675 436 ‚ln
697 377 760 439 hoc
789 380 870 440 forte
899 385 946 440 est
974 380 1063 459 quasi
1090 381 1251 462 quoddam
1281 379 1415 442 diadum
1479 409 1481 413 v

280 479 494 553 eruditorum,
524 497 587 560 quo
618 477 769 540 librorum
795 480 950 542 editorum
974 481 1025 542 vel
1047 482 1244 543 edendorum
1267 489 1414 544 contentu

279 582 494 662 explicantur?

362 680 565 744 Verissimum
595 687 642 742 est
672 682 769 742 multa
798 683 960 762 praeclara
989 683 1144 744 contineri
1175 683 1207 742 in
1237 681 1412 762 Augustino

278 785 372 860 etiam
395 783 436 844 ad
457 782 692 862 philosophiam
715 783 895 864 theologiae
927 791 1091 864 cognatam
1121 784 1352 854 illustrandam,
1385 789 1415 843 et
1439 775 1446 800 ⁴

280 903 397 965 operae
419 887 552 964 pretium
576 903 644 946 esse
667 884 831 958 facturum,
856 885 1074 966 quidispersa
1095 905 1153 966 per
1176 883 1414 966 ejusscriptain

279 1007 376 1048 rincum
399 985 535 1065 colligat.
569 985 606 1045 Et
629 969 697 1045 bum
710 985 871 1046 Platonica
893 1005 957 1048 non
981 985 1084 1048 minus
1108 1005 1201 1066 quam
1213 983 1415 1046 Aristotelian

280 1089 309 1149 ei
332 1089 446 1149 fuerint
469 1087 641 1166 explorata,
666 1093 697 1147 et
718 1087 773 1148 illa
790 1087 889 1168 magis
905 1087 999 1149 etiam
1022 1095 1133 1162 amata,
1156 1079 1415 1146 Platoautem'ad
1445 1124 1449 1132 -

280 1189 443 1251 veritatem
464 1187 646 1268 theologiae
668 1188 819 1249 naturalis
841 1187 939 1248 multo
961 1187 1129 1249 Aristotele
1151 1186 1283 1266 propius
1301 1177 1415 1246 'acces-

280 1291 369 1362 serit,
409 1308 448 1366 eo
485 1289 649 1349 uberiores
679 1295 829 1368 poterunt
857 1289 975 1348 fructus
1011 1287 1131 1368 percipi
1162 1307 1201 1354 en¹
1229 1285 1414 1366 Augustino.

280 1391 408 1452 lnterim
430 1391 592 1451 fatendum
616 1397 662 1450 est
683 1388 763 1450 haec
794 1396 913 1450 tantum
946 1387 991 1470 (ut
1012 1389 1056 1450 sic
1080 1387 1192 1470 (licam)
1224 1386 1415 1449 incunabula

281 1511 350 1554 esse
363 1491 510 1563 veritatis,
534 1509 627 1572 quam
640 1508 711 1550 meo
730 1489 852 1571 judicio
865 1489 905 1549 ad
923 1489 1074 1570 majorem
1097 1489 1193 1570 longe
1205 1488 1414 1550 maturitatem

277 1592 343 1672 jam
364 1591 538 1671 perducere
561 1591 660 1654 datur.
709 1590 807 1671 quue
832 1590 888 1650 tibi
911 1609 976 1651 non
999 1598 1103 1669 potest
1124 1610 1188 1652 non
1210 1609 1280 1651 esse
1302 1588 1416 1668 explo-
1500 1643 1505 1650 .

281 1699 393 1765 ratum,
416 1698 481 1752 tum
503 1710 541 1752 ex
563 1691 601 1752 iis
624 1709 705 1771 quae
729 1708 839 1751 coram·
858 1690 955 1752 locuti
978 1710 1095 1766 sumus,
1118 1698 1184 1753 tum
1207 1691 1357 1752 etiamen
1377 1687 1415 1747 iis
1486 1694 1489 1713 ·

281 1811 363 1876 quae
386 1792 485 1854 literis
506 1792 640 1853 subinde
669 1792 830 1852 internos
853 1793 1050 1854 commutatis
1079 1792 1296 1864 continentur;
1326 1797 1416 1850 etex
1487 1852 1489 1875 ι

282 1895 393 1956 iisdem
417 1895 516 1955 multo
539 1893 643 1954 adhuc
664 1893 755 1974 plura
778 1892 892 1955 elicere
915 1893 1087 1973 aliquando
1110 1893 1226 1968 licebit,
1257 1891 1415 1970 credoque

281 2015 352 2058 mea
372 1995 527 2076 principia
549 1995 594 2055 sie
617 2014 686 2056 esse
708 2002 898 2076 comparata,
929 2002 962 2056 ut
983 1995 1075 2084 etiam
1098 1993 1179 2072 apud
1203 2000 1324 2054 vestros
1348 1998 1414 2051 tuto

281 2097 412 2177 allegari
434 2095 572 2176 possint;
595 2114 667 2155 nam
691 2102 722 2156 et
742 2097 774 2158 in
798 2095 898 2156 Gallia
919 2095 1067 2176 placuere
1089 2093 1164 2156 viris
1185 2092 1284 2154 doctis
1296 2093 1416 2154 Roma-

282 2218 342 2260 nae
364 2197 469 2278 partis,
492 2215 595 2277 neque
619 2197 700 2258 adeo
723 2197 849 2278 indigne
873 2197 975 2258 ferent
996 2195 1099 2270 vestri,
1121 2195 1147 2255 si
1164 2211 1251 2256 meas
1264 2193 1414 2275 quasdam

250 2352 256 2369 ,
282 2299 451 2361 sententias
471 2282 676 2377 libiprobari
696 2297 862 2376 significes,
886 2297 1007 2357 tametsi
1029 2296 1166 2358 hominis
1183 2294 1414 2356 ultramontani.
1490 2300 1491 2309 ’

365 2397 573 2479 Augustinum
594 2405 672 2478 puto
694 2397 920 2479 Pythagoricae
944 2406 974 2458 et
984 2397 1165 2458 Platonicae
1188 2393 1316 2456 scholae
1339 2395 1413 2476 plu-

283 2502 344 2562 cita
366 2507 517 2562 secutum.
551 2501 628 2560 Nam
651 2519 708 2580 per
718 2499 927 2580 Pythagoram
950 2496 1091 2578 inprimis
1114 2495 1277 2557 dementis
1299 2495 1416 2556 imma-

282 2601 448 2664 terialitate
471 2609 502 2663 et
522 2601 757 2663 immortalitate
780 2602 894 2681 dogma
912 2619 950 2661 ex
962 2597 1091 2660 Oriente
1102 2597 1229 2658 allatum
1240 2597 1273 2656 in
1286 2595 1417 2658 Graecia

283 2703 443 2777 inclaruit;
465 2701 554 2763 Plato
578 2709 679 2764 aulem
702 2702 828 2782 longius
850 2719 1035 2781 progressus
1057 2699 1144 2772 vidit,
1167 2717 1232 2759 non
1254 2697 1331 2758 alias
1342 2716 1416 2758 vere

284 2804 472 2865 substantias
485 2823 553 2864 esse
566 2821 659 2884 quam
672 2801 802 2878 animas,
826 2819 961 2884 corpora
977 2808 1080 2863 autem
1102 2800 1133 2860 in
1155 2807 1309 2880 perpetuo
1330 2798 1415 2859 fluxu

284 2905 411 2967 versari.
441 2903 582 2984 Cogitata
603 2905 716 2965 horum
740 2905 918 2964 emendavit
938 2911 1033 2983 atque
1056 2901 1149 2961 etiam
1170 2898 1418 2979 auxitAugusti-

285 3027 342 3067 nus
365 3007 405 3068 ad
428 3025 571 3067 normam
594 3003 783 3066 christianae
805 3002 994 3083 sapientiae,
1025 3001 1110 3062 hunc
1132 2999 1330 3073 Scholastici,
1360 3001 1416 3062 sed

284 3108 382 3186 longo
413 3106 595 3179 intervallo,
629 3114 700 3165 sunt
720 3103 829 3165 secuti.
845 3171 853 3178 ,
871 3103 947 3164 Mihi
969 3122 1090 3164 summa
1112 3102 1160 3162 rei
1188 3102 1312 3164 videtur
1334 3120 1416 3163 con-

284 3208 394 3270 sistere
406 3205 437 3264 in
456 3224 530 3266 vera
551 3206 682 3266 notione
704 3205 905 3280 substantiae,
929 3223 1011 3287 (puae
1023 3205 1133 3266 eadem
1145 3212 1192 3265 est
1203 3223 1271 3264 cum
1285 3203 1418 3264 notione

283 3306 428 3370 monadis
450 3305 515 3368 sive
537 3306 630 3368 realis
660 3305 851 3378 unitatiset,
880 3314 915 3368 ut
936 3308 978 3368 ita
1000 3307 1118 3381 dicam,
1148 3305 1245 3366 atomi
1273 3303 1418 3366 formalis

284 3409 334 3470 vel
356 3409 463 3488 puncti
487 3408 679 3481 essentialis,
713 3427 785 3468 nam
808 3407 975 3469 materialis
999 3408 1066 3468 dari
1089 3426 1153 3467 non
1182 3413 1302 3486 potest,
1332 3406 1417 3467 unde

283 3513 397 3572 frustra
419 3510 449 3570 in
474 3510 603 3570 materia
626 3509 787 3591 quaeritur
807 3509 925 3576 unitas:
949 3516 980 3570 et
1001 3515 1150 3588 punctum
1164 3491 1417 3568 mathematicum

284 3634 348 3674 nem
372 3620 418 3674 est
440 3610 607 3673 essentiale
629 3612 685 3671 sed
707 3609 842 3684 modale,
866 3610 949 3670 unde
972 3610 1153 3671 continuum
1167 3608 1339 3687 expunctis
1352 3627 1416 3670 non

283 3719 415 3786 constat,
439 3719 469 3772 et
484 3721 596 3784 tamen,
612 3711 761 3791 quicquid
776 3709 980 3771 substantiale
1002 3716 1058 3783 est,
1081 3729 1119 3771 en
1142 3709 1312 3770 unitatibus
1335 3728 1417 3770 con-

283 3815 408 3876 ssatur1.

343 4009 369 4062 1)
386 4010 440 4055 Sebr
456 4011 541 4055 'athulich
555 4012 584 4054 ist
599 4012 637 4054 der
652 4011 721 4054 lnhalt
737 4012 796 4054 eines
811 4011 894 4054 Brieles
910 4023 936 4054 an
952 4011 1109 4054 bertellanno
1125 4006 1183 4054 1697
1199 4011 1242 4064 (l),
1267 4011 1305 4052 der
1320 4007 1366 4052 sich
1382 4009 1417 4050 bct

284 4089 356 4132 Feller
371 4087 393 4128 in
409 4087 459 4130 dem
474 4089 541 4130 Otium
557 4089 727 4131 chnocerauum
750 4087 772 4134 S.
789 4083 848 4142 10l,
872 4087 955 4131 Dutens
979 4088 999 4130 in
1016 4088 1108 4130 latomus·
1123 4087 1192 4140 Opera
1218 4087 1276 4129 Tom.
1292 4086 1318 4138 Π,
1336 4083 1357 4131 1.
1373 4081 1417 4130 234
1504 4125 1505 4144 p

285 4165 1037 4224 undErdmanninLettnitttopercptttorcpttcol‚S.1lbllndet:
1067 4159 1152 4214 Multa
1172 4159 1243 4230 apud
1262 4159 1417 4214 Platonicos

284 4250 519 4321 Augustinumque
538 4253 676 4320 praeclara
696 4253 875 4321 reperiuntur,
894 4251 942 4305 sed
961 4267 1030 4322 quae
1049 4249 1207 4304 arbitrorab
1221 4251 1342 4320 ipsismet
1361 4267 1415 4302 rron

285 4341 349 4394 satis
369 4342 513 4404 intellecta,
541 4349 567 4393 et
587 4358 620 4394 ex
640 4341 741 4410 impetu
761 4343 844 4411 magis
861 4349 890 4418 et
910 4341 998 4393 calore
1019 4357 1096 4411 quam
1116 4341 1178 4410 luce
1197 4349 1267 4394 nata.
1303 4337 1344 4392 Ile
1365 4357 1418 4393 na-
1504 4341 1505 4346 ’
