3056 4868
516 189 666 248 LElBNlZ.
706 189 887 248 ARNAULD.
1214 195 1264 250 153
1369 189 1379 209 ⁴

131 365 343 428 turbationem
364 386 428 428 non
460 386 552 449 reges
574 368 676 430 minus
700 386 794 450 quam
816 366 906 447 plebs
928 366 1038 440 luunt,-
1069 364 1110 426 ad
1133 364 1264 426 mecha-

10 499 18 508 ·
129 467 233 529 nicam
255 467 452 545 felicitatem,
475 471 516 531 ad
536 469 781 532 vindicationem
802 467 965 548 religionis
987 465 1195 548 notitiamque
1205 465 1264 528 Dei

13 569 16 578 '
130 575 162 631 et
185 569 296 630 mentis
318 569 481 651 aliquanto
502 570 744 650 profundiorem
765 568 923 651 proficisci
945 587 1105 632 accessum
1126 567 1235 647 possit.

214 670 387 733 Prolixitati
408 669 585 748 literarum,
608 670 794 752 praesertim
815 670 995 750 primarum,
1018 670 1170 731 irascetur
1191 667 1264 728 lor-

131 777 213 832 tasso
236 757 290 832 aut
310 771 460 834 illuderet
480 772 571 835 alins.
597 773 644 834 De
667 782 706 847 te,
729 772 762 834 id
784 777 831 832 est
852 772 920 834 viro
940 770 1081 850 sapiente
1103 774 1134 830 et
1145 788 1263 830 unum-

131 872 283 955 quodque
305 873 369 936 suis
391 875 585 956 ponderibus
607 872 808 954 modulisque
835 870 1038 945 aestimante,
1071 869 1157 930 aliud
1186 868 1264 930 mihi

130 991 315 1054 persuasum
337 980 404 1038 est:
426 977 480 1058 qui
501 977 579 1051 scis,
602 976 641 1036 de
662 981 711 1036 tot
730 974 825 1036 rebus
845 973 879 1034 in
900 972 964 1034 hoc
985 971 1086 1052 spatio
1110 968 1188 1031 nihil
1211 969 1266 1030 ni-

133 1072 229 1134 mium
252 1075 313 1136 dici
334 1078 492 1158 potuisse,
513 1097 572 1140 nec
595 1096 651 1138 eos
675 1095 784 1161 omnes
806 1092 906 1137 vanos
928 1091 966 1135 ac
987 1070 1172 1134 temerarios
1185 1091 1265 1146 esse,

124 1172 188 1256 qni
211 1171 308 1238 multa
330 1177 421 1239 simul
444 1179 587 1240 afferunt.
631 1176 693 1238 Sed
716 1182 820 1238 cetera
841 1176 969 1236 mittam.
999 1173 1100 1234 Unu'm
1122 1180 1209 1253 opto,
1232 1179 1266 1233 ut

133 1275 174 1336 de
202 1275 410 1341 eucharistico
433 1279 543 1340 saltem
566 1278 733 1359 proposito
757 1277 878 1340 discere
909 1275 1001 1337 liceat
1030 1274 1153 1354 aliquot
1175 1272 1265 1334 lineis

133 1377 321 1440 sententiam
343 1387 437 1442 tuam.
471 1381 549 1442 Sunt
569 1379 627 1441 tibi
648 1379 742 1441 etiam
765 1378 857 1439 amici
878 1377 1060 1450 interiores,
1085 1374 1199 1458 quibus
1222 1373 1266 1434 uti

132 1481 247 1558 possis·
290 1479 431 1543 Ceterum
453 1482 494 1544 ad
516 1480 643 1543 alterius
666 1480 852 1562 cujusquam
872 1496 983 1539 manus
1004 1475 1170 1558 pervenire
1190 1474 1265 1536 lite·

132 1597 186 1640 ras
206 1597 307 1654 meas,
340 1583 394 1643 ubi
417 1583 554 1664 suspicio
577 1582 628 1644 vel
650 1582 778 1642 minima
800 1599 870 1642 esse
891 1585 1018 1660 posset,
1044 1577 1143 1638 multo
1166 1575 1266 1656 magis

134 1686 237 1742 autem
260 1683 405 1758 describi,
429 1683 521 1746 etiam
545 1691 640 1766 atque
663 1683 756 1744 etiam
779 1683 942 1762 deprecor.
975 1679 1083 1760 Neque
1107 1677 1191 1739 euim
1214 1682 1266 1736 ta-

133 1780 176 1842 lia
199 1782 259 1844 nisi
280 1783 400 1846 virtutis
421 1783 559 1865 fideique
581 1791 653 1844 tuae
674 1781 790 1843 fiducia
812 1778 1000 1860 scripserim.
1043 1778 1137 1852 Quod
1158 1782 1266 1850 restat,

133 1883 219 1958 vale,
248 1883 297 1944 vir
317 1883 466 1958 illustris,
499 1885 646 1964 famaque
668 1883 737 1963 ipsa
765 1888 837 1956 tna,
867 1899 962 1962 quam
984 1879 1118 1959 egregiis
1139 1878 1179 1939 de
1200 1898 1266 1958 pu·
1304 1944 1307 1948 ,

133 1984 219 2046 blico
242 1985 360 2046 meritis
383 1993 492 2047 nactus
515 2006 564 2060 es,
596 1983 650 2045 diu
672 1990 830 2064 superstes
864 1982 986 2049 fruere,
1019 1979 1156 2061 iaveque
1178 1977 1265 2050 mihi,

135 2085 248 2147 cultori
271 2085 418 2150 virtutum
440 2095 564 2150 tuarum
587 2084 806 2158 devotissimo,

978 2181 1014 2244 G.
1037 2181 1073 2244 G.
1095 2181 1128 2242 L.
1149 2179 1182 2241 L.
