3056 4868
599 210 802 268 aaronita.
1216 213 1266 270 201

134 403 331 484 plecteretur,
354 403 507 484 adjunctis
521 380 787 475 dubitationibus,
819 419 900 482 quae
922 402 966 462 ita
987 398 1120 475 habent,
1145 407 1179 462 ut
1200 401 1266 482 ipse

135 503 209 566 mihi
233 505 273 566 ad
297 504 537 567 examinandum
561 503 815 566 communicavit:

552 641 796 722 Propositiu
822 639 849 702 1.

323 744 407 805 Deus
430 744 469 804 ab
496 742 586 804 initio
615 763 679 804 non
700 750 819 804 tantum
842 737 994 800 infinitam
1018 757 1123 800 rerum
1144 742 1268 816 seriem,

261 864 367 906 verum
378 843 615 906 etiaminfinitas
627 842 874 906 combinationes
887 838 1098 920 possibiles
1111 841 1267 904 actionum

262 947 443 1028 passionum
471 945 740 1026 mutationemque
762 943 899 1024 ipsarum
921 942 1217 1021 rerumpraescivit
1239 953 1270 1006 et

261 1045 569 1128 praedeterminavit‚
608 1044 873 1128 quemadmodum
912 1042 979 1124 ipsa
1019 1051 1130 1105 eventa
1169 1044 1270 1107 libera

260 1147 453 1230 singularum
476 1148 627 1209 mentium
649 1155 834 1209 creatarum.
916 1132 920 1140 ⁴

486 1285 658 1348 Dubiam
682 1303 763 1346 reu·
780 1283 920 1363 patris.

325 1388 396 1450 Non
426 1388 504 1449 satis
530 1387 678 1464 intellipo‚
708 1385 856 1464 mornado
884 1383 1057 1462 hujucemodi
1083 1383 1143 1443 Hei
1167 1402 1269 1461 prae-

263 1489 392 1549 scientia
413 1497 443 1549 et
461 1488 756 1567 praedeterminutio
779 1504 847 1546 eam
867 1485 1019 1546 humanae
1040 1487 1150 1548 meotis
1171 1486 1269 1548 liber-

264 1597 328 1652 tate
350 1590 510 1652 conciliari
538 1589 649 1652 ualeat.
691 1587 757 1649 Hoc
779 1587 868 1648 modo
890 1587 985 1662 enim,
1018 1587 1162 1667 quicquid
1180 1588 1269 1650 borno

264 1699 381 1771 aperet,
401 1691 581 1753 necessario
595 1688 729 1749 evitabili
744 1696 773 1750 et
789 1688 870 1749 uelut
883 1687 976 1765 fatali
993 1689 1126 1766 qaudam
1147 1691 1270 1751 ratione

228 1853 230 1855 ,
265 1801 380 1871 ciperet.
432 1793 468 1853 si
488 1793 520 1851 in
541 1791 674 1851 licinana
695 1797 794 1850 mente
816 1807 877 1850 non
899 1795 980 1849 esset
1000 1788 1098 1848 airtas
1120 1791 1271 1868 quaedam

263 1913 298 1954 se
319 1893 541 1954 determinandi
562 1910 583 1951 a
603 1910 637 1952 se
657 1892 743 1968 ipsa,
771 1892 829 1952 sed
859 1890 898 1952 ab
921 1891 982 1951 alio
1003 1890 1269 1968 determinaretur,

264 2013 325 2054 reon
339 1995 484 2072 profecto
496 1994 530 2054 iel
545 2000 638 2053 extra
651 1992 710 2053 Det
725 1991 895 2054 libertatem
911 1999 1173 2070 repraesentaret.
1201 1993 1271 2054 Non

265 2102 312 2156 ert
333 2095 456 2157 evidens
476 2093 650 2172 bajasmodi
675 2095 985 2171 praedeterminatio,
1020 2093 1111 2154 sicali
1138 2094 1272 2156 dubitari

262 2203 378 2274 potest,
400 2216 442 2258 an
462 2214 535 2257 oere
557 2196 646 2255 detur
668 2195 700 2255 in
713 2196 781 2258 ileo
801 2197 879 2257 baec
897 2195 1108 2275 praescientia
1128 2202 1272 2274 respecta

263 2296 438 2374 tatarorum
454 2297 626 2359 liberorum.
671 2296 737 2358 Nec
755 2299 874 2359 cicietur
891 2298 969 2358 baec
983 2297 1195 2374 praescientia
1212 2298 1272 2358 Det

263 2401 464 2472 necessaria;
485 2400 559 2480 qaid
580 2396 681 2460 obstat
703 2400 781 2459 enirn
802 2399 847 2460 ita
866 2399 964 2460 Deam
985 2399 1134 2459 dumanas
1156 2406 1272 2460 mentes

265 2499 360 2561 libere
385 2501 418 2560 in
445 2519 536 2562 rnaaa
568 2500 754 2580 consilioque
782 2516 839 2562 sao
868 2499 1080 2584 constituisse,
1112 2507 1147 2560 at
1174 2519 1273 2581 neque

267 2603 516 2670 determinaverit
537 2621 635 2680 neque
653 2601 861 2680 praesciverit
883 2619 988 2662 eoram
1009 2607 1118 2662 eoenta
1138 2602 1244 2664 libera.

578 2720 831 2783 Declaratio.

222 2820 484 2902 Distinguendum
495 2828 543 2883 est
564 2821 646 2882 inter
667 2841 771 2882 rerum
794 2822 890 2883 series
902 2820 1070 2901 possibiles
1083 2830 1114 2884 et
1124 2823 1271 2884 actuales.

139 2922 224 2984 Deus
246 2943 283 2984 es
313 2921 440 2984 infinitis
470 2921 674 3004 possibilibus
697 2922 791 3004 elegit
812 2915 925 2985 seriem
948 2923 1105 3004 quandam
1136 2921 1273 2984 universi

140 3030 334 3084 constantem
354 3043 392 3085 ex
413 3023 541 3085 infinitis
564 3023 755 3098 substantiis,
779 3043 910 3105 quarum
933 3041 1141 3105 unaquaeque
1163 3022 1273 3083 intini-

141 3130 202 3184 lam
236 3125 455 3204 operationum
487 3126 601 3187 seriem
634 3124 768 3187 exhibet.
811 3125 931 3200 Quodsi
960 3132 1063 3186 autem
1093 3124 1177 3185 Deus
1208 3143 1272 3185 non

139 3225 359 3305 praescivisset
380 3245 438 3287 nee
460 3227 749 3306 praeordinavisset
763 3246 866 3287 rerum
883 3225 1050 3286 actualium
1074 3225 1195 3299 seriem,
1211 3245 1273 3305 se-

140 3333 289 3407 queretur
310 3347 381 3388 eum
406 3345 500 3389 causa
522 3347 585 3388 non
609 3327 682 3387 satis
710 3325 835 3406 cognita
859 3327 1035 3407 judicasse,
1062 3343 1098 3386 ac
1120 3345 1187 3387 rem
1209 3346 1273 3387 non

140 3427 214 3488 satis
237 3427 296 3488 sibi
317 3434 514 3508 perspectam
536 3427 680 3508 elegisse.
713 3427 821 3508 Neque
844 3427 944 3507 excipi
958 3446 976 3487 a
989 3425 1118 3488 caeteris
1140 3433 1276 3506 possunt

139 3528 279 3589 actiones
292 3527 441 3588 mentium
463 3527 592 3600 liberae,
616 3528 766 3609 quoniam
788 3535 909 3608 partem
925 3527 1017 3589 seriei
1029 3547 1134 3588 rerum
1147 3527 1274 3600 iaciunt,

141 3645 350 3709 magnamque
380 3648 448 3690 cum
479 3629 609 3690 caeteris
640 3629 786 3722 omnibus
809 3629 1038 3690 connexionem
1067 3626 1201 3702 babent,
1232 3629 1275 3690 ita

140 3738 175 3792 ut
197 3749 292 3792 unum
314 3728 382 3790 sine
405 3728 469 3790 alio
492 3729 629 3810 perfecte
652 3729 782 3810 intelligi
805 3749 869 3791 non
892 3730 1002 3810 possit.
1031 3729 1071 3789 Et
1089 3729 1274 3791 crimomnis

140 3831 237 3894 series
260 3829 406 3892 ordinata
426 3831 567 3893 involvat
588 3833 729 3912 regulam
752 3830 955 3893 continuandi
985 3851 1042 3892 seu
1069 3831 1170 3910 legem
1195 3849 1275 3910 pro-

142 3931 329 4012 gressioniS,
362 3931 435 3994 ideo
458 3932 551 4005 Deus,
575 3933 715 4012 qualibet
736 3939 825 4012 parte
847 3933 940 3994 sorici
963 3938 1137 4012 perspecta,
1170 3932 1274 3992 omnia

141 4032 360 4113 praecedentia
383 4040 414 4094 et
441 4034 603 4115 sequentia
630 4033 662 4094 in
691 4033 760 4113 ipsa
787 4033 883 4096 videt.
933 4034 1041 4114 Neque
1069 4041 1172 4094 tamen
1200 4034 1275 4094 inde

141 4133 292 4194 mentium
313 4133 442 4198 libertus
464 4133 593 4196 tollitur.
627 4133 720 4196 Aliud
743 4135 825 4198 enim
850 4142 896 4196 est
914 4134 1068 4196 certitudo
1090 4133 1276 4206 infallibilis,

142 4232 228 4294 aliud
251 4233 395 4296 absoluta
416 4235 601 4310 necessitas,
629 4236 895 4316 quemadmodum
918 4235 947 4296 S.
971 4235 1163 4314 bngcrstinus
1185 4241 1216 4294 et
1238 4234 1274 4294 D.

142 4334 280 4396 Thomas
308 4334 423 4416 aliique
446 4337 501 4399 siri
526 4336 610 4398 docti
633 4338 750 4398 dicdum
774 4355 941 4418 agnovere.
986 4335 1076 4396 Certe
1098 4335 1274 4396 tuturomm
