3056 4868
276 243 327 300 rto
657 235 820 292 LElllNlZ.'
848 234 1030 294 ARNAULD.

276 418 463 484 sacrationis
485 418 721 501 derectusque
743 419 784 481 ad
805 426 928 500 tempus
950 418 1160 499 corruptionis
1172 421 1359 502 specierum,
1382 430 1421 483 ut

277 520 373 582 tradit
395 518 527 582 ecclesia
549 521 701 580 Romana.
745 521 835 594 Quae
865 521 1078 582 controversia
1107 520 1186 581 nihil
1209 522 1346 602 pertinet
1374 525 1419 584 ad

276 641 343 683 rem
364 626 577 702 praesentem3
614 638 687 682 nam
709 628 842 701 utraque
865 620 1020 684 sententia
1042 640 1143 704 aeque
1165 622 1326 703 possibilis
1349 631 1417 686 est:

276 743 379 804 neque
402 722 491 783 enim
508 721 633 783 duratio
656 741 713 802 per
734 741 769 784 se
791 722 892 784 variat
911 723 956 782 rei
979 728 1133 796 naturam,
1156 729 1188 782 et
1210 729 1310 784 utram
1328 725 1417 786 Dens

275 822 420 896 voluerit,
444 841 484 883 ex
505 823 676 903 scripturae
699 841 808 884 sacrae
831 822 999 883 autoritate
1022 829 1054 883 et
1076 821 1230 884 ccclesiae
1241 824 1415 887 traditione

277 923 492 985 deliniendum
516 931 582 984 est:
615 941 678 1003 qua
701 921 886 1002 quaestione
908 920 1046 996 definita,
1070 923 1163 983 etiam
1186 922 1265 984 illud
1287 925 1415 987 decidi-

274 1035 334 1101 tur,
356 1044 397 1086 an
419 1025 519 1086 cultus
540 1023 665 1085 hostiae
687 1023 854 1101 debeatur3
888 1041 968 1104 quaa
991 1023 1061 1085 sola
1083 1024 1313 1110 controversia¹
1331 1045 1413 1105 pra-

277 1126 356 1189 ctica
377 1125 410 1186 in
431 1125 496 1186 hoc
518 1124 649 1206 negotio
673 1131 817 1206 superest
847 1123 962 1208 (neque
984 1125 1067 1184 enim
1090 1144 1174 1186 nunc
1196 1127 1236 1186 de
1265 1144 1414 1187 commu-

275 1228 371 1288 nione
393 1225 451 1288 suh
474 1245 545 1301 una,
568 1234 621 1288 aut
642 1227 816 1307 specierum
840 1233 951 1286 natura
973 1223 1099 1305 loquor,
1122 1243 1203 1306 quae
1225 1246 1290 1288 non
1312 1227 1413 1288 attin-

276 1335 354 1408 gunt
375 1327 514 1409 mysterii
536 1325 675 1410 modum)
698 1327 781 1388 inter
804 1325 972 1388 concilium
988 1325 1205 1388 Tridentinum
1226 1335 1258 1388 et
1280 1329 1413 1390 coufes-

275 1429 398 1489 sionem
419 1429 644 1509 Augustanam.
677 1429 753 1488 Nam
776 1427 802 1489 si
824 1425 951 1487 nonnisi
973 1425 1004 1487 iu
1026 1433 1187 1488 momento
1208 1447 1410 1510 ususcorpus

275 1528 387 1590 Christi
410 1529 507 1604 adest,
531 1528 657 1591 adorari
678 1529 803 1603 hostia,
826 1533 993 1607 antequam
1016 1533 1118 1588 sumta
1140 1527 1188 1603 sit,
1211 1548 1276 1589 non
1299 1530 1411 1609 dehet;

274 1635 378 1692 sumta
402 1635 507 1690 autem
528 1628 656 1691 adorari
678 1647 743 1690 uon
766 1633 881 1708 potest.
914 1628 961 1688 De
983 1628 1052 1708 ipsa
1074 1628 1168 1709 igitur
1189 1629 1329 1712 mysterii
1349 1650 1410 1692 ra-

275 1731 361 1791 tione
384 1747 420 1790 ae
442 1730 550 1804 modo,
574 1729 600 1791 si
623 1730 823 1792 durationem
846 1728 975 1802 adimas,
999 1729 1138 1792 sentiunt
1158 1729 1243 1791 idem
1258 1732 1410 1794 nescien-

273 1837 331 1892 tes.
374 1831 444 1905 Qua
466 1831 690 1894 observatione
718 1829 799 1891 nihil
828 1836 933 1910 potest
954 1829 1085 1909 cogitari
1108 1829 1267 1893 efficacius
1289 1833 1330 1894 ad
1351 1853 1409 1895 re-

273 1917 454 1994 tundendos
475 1931 558 2007 illos,
582 1932 635 2015 qui
656 1951 724 2006 vos,
746 1940 810 1993 tam
835 1930 868 1990 in
890 1931 1070 2010 praesentia
1090 1932 1168 1992 reali
1184 1951 1279 2013 quam
1301 1940 1407 1996 trans-

273 2032 708 2113 substantiationeprobanda
721 2032 904 2112 tuendaque
917 2031 1109 2106 disertiores,
1118 2033 1312 2095 cavillantur.
1324 2035 1408 2109 Quid

273 2141 377 2195 autem
398 2134 439 2195 sit
460 2133 634 2196 substantia
657 2132 817 2214 corporis,
846 2139 877 2193 et
905 2151 998 2213 quam
1029 2133 1154 2195 differat
1182 2153 1200 2195 a
1229 2135 1407 2215 speciebus,

272 2253 367 2316 spero
390 2251 408 2294 a
429 2255 481 2296 me
502 2234 535 2294 in
556 2242 620 2295 tam
643 2233 727 2295 clara
749 2234 820 2294 luce
843 2232 981 2313 positum
1002 2232 1050 2308 iri,
1074 2252 1168 2316 qnam
1191 2235 1340 2316 cogitatio
1351 2245 1407 2299 aut
1512 2287 1513 2296 ,

271 2341 384 2395 motus.
427 2334 596 2415 Subjiciam
616 2352 685 2395 rem
707 2353 833 2395 omnem
856 2351 1008 2395 censurae
1028 2340 1120 2396 tuae:
1151 2343 1260 2416 perte
1282 2354 1406 2417 appro-
1512 2403 1513 2420 1

270 2438 415 2510 hatores,
445 2454 503 2514 per
523 2442 555 2497 te
577 2452 759 2496 successum
780 2435 926 2515 spondeo
949 2435 995 2495 rei
1017 2435 1150 2497 fortasse
1177 2437 1308 2519 alicujus
1330 2458 1406 2500 mo-

270 2535 377 2609 menti,
400 2535 441 2597 ad
462 2537 640 2617 augendam
669 2535 854 2598 reuniouem
884 2535 1074 2610 animarum,
1108 2537 1404 2621 defendendamque

270 2636 367 2698 fidem
389 2644 573 2698 nostram
596 2637 636 2698 ab
645 2635 910 2712 insultationibus,
933 2637 1403 2719 quihushactennstutifuimns

269 2739 397 2802 nonnisi
429 2737 608 2800 certaminis
641 2737 878 2800 detrectatione.
921 2739 991 2801 lloc
1012 2739 1139 2821 pessulo
1167 2739 1310 2821 sublato,
1338 2763 1402 2824 qno
1510 2787 1511 2818 ,

269 2845 318 2901 tot
339 2838 497 2920 ingeniosi
520 2840 747 2929 absterrentur,
777 2839 888 2921 iugens
915 2839 1035 2920 patebit
1064 2839 1181 2902 ostium
1210 2841 1329 2906 reditus
1361 2845 1402 2906 ad
1510 2905 1511 2912 ,

267 2940 430 3000 unitatem.
458 2937 602 3002 Ceterum
625 2947 659 3000 ut
679 2939 777 3020 paulo
799 2941 871 3020 plus
891 2939 968 3004 fidei
988 2939 1107 3003 habeas
1129 2941 1292 3022 promissis
1315 2945 1403 3020 meis,
1510 2937 1511 2966 ³

268 3039 371 3102 dicam
394 3039 513 3120 aliquid
536 3039 575 3100 de
606 3038 824 3116 solicitudine,
853 3059 915 3122 qua
943 3040 977 3101 in
1007 3040 1171 3124 religionis
1197 3043 1402 3124 inquisitione

268 3161 342 3202 usus
363 3159 442 3200 sum.
484 3138 603 3204 Absum
625 3138 671 3200 sic
692 3140 766 3202 satis
789 3140 1017 3203 acredulitate.
1060 3142 1145 3204 Nihil
1167 3144 1244 3206 mihi
1266 3145 1341 3226 ipsi,
1364 3165 1401 3207 ac

266 3258 348 3320 pene
371 3238 501 3299 dixerim
523 3259 563 3300 ne
585 3237 661 3300 fidei
683 3241 810 3321 quidem
832 3241 956 3304 indulsi.
987 3242 1112 3306 Credidi
1135 3246 1228 3321 enirn,
1252 3247 1399 3330 quicquid

266 3340 441 3401 remittatur
461 3339 492 3401 in
516 3340 593 3401 tanti
615 3341 767 3403 momenti
790 3344 917 3427 negotio
940 3347 1145 3421 asereritate,
1169 3366 1238 3409 esse
1259 3365 1396 3428 praeva-

265 3440 462 3502 ricationem.
505 3441 654 3516 Quaesivi
676 3443 833 3518 studiose,
857 3445 983 3527 legique
1006 3447 1128 3523 scdulo,
1159 3448 1340 3530 quicunqne
1367 3450 1398 3510 in

264 3540 361 3604 fidem
383 3549 522 3604 nostram
544 3543 688 3605 acerrimi
716 3552 769 3605 aut
790 3565 850 3626 pro
873 3565 911 3607 ea
933 3546 1103 3609 felicissimi
1118 3548 1283 3613 hahentur.
1327 3553 1398 3613 No-

265 3642 308 3703 lui
330 3643 413 3704 eninr
435 3662 485 3704 me
508 3641 681 3725 aliquando
714 3645 856 3708 mihimet
885 3649 1110 3729 negligentiam
1132 3650 1272 3732 objicere
1293 3671 1397 3734 posse.

265 3741 468 3806 Consectatus
489 3763 567 3817 sum,
591 3745 741 3826 quicquid
763 3747 880 3829 ubique
903 3756 951 3812 est
981 3758 1169 3812 novatorum
1202 3753 1234 3812 in
1265 3753 1395 3834 negotio

262 3841 444 3922 religionis,
467 3863 508 3906 ne
530 3864 592 3926 qua
613 3866 663 3908 me
685 3854 740 3908 aut
762 3848 900 3930 objectio
923 3857 976 3911 aut
998 3851 1211 3914 consideratio
1233 3871 1395 3915 memora-

261 3942 334 4005 hilis
357 3943 466 4025 fugere
488 3944 520 4007 in
542 3966 665 4008 summa
686 3955 803 4028 posset.
826 3945 913 4012 Unde
932 3969 1014 4034 quae
1027 3951 1135 4014 Celsus
1159 3952 1249 4029 olim,
1272 3962 1394 4035 patrum

162 4069 165 4072 ·
261 4043 414 4106 memoria
434 4046 585 4123 Vaninus,
609 4067 739 4111 avorum
763 4057 817 4111 aut
837 4069 1027 4132 proavorum
1052 4053 1211 4129 Ochiuus,
1241 4054 1394 4129 Servetus,

260 4144 389 4206 Puccins
417 4146 536 4223 dixere,
558 4149 752 4229 periculosa,
777 4150 888 4227 fateor,
906 4172 965 4214 nec
986 4161 1091 4215 tamen
1113 4154 1233 4217 infelici
1256 4154 1395 4218 curiosi·
1506 4203 1507 4214 2

259 4251 322 4306 tate
346 4246 477 4308 excussi.
509 4249 623 4310 Bodini
645 4250 801 4331 dialogor,
823 4251 976 4315 hactenus
998 4254 1150 4330 ineditos,
1174 4276 1243 4332 nec,
1266 4257 1294 4317 si
1317 4258 1393 4340 qnid

257 4344 380 4422 pietatis
402 4354 563 4425 respectus
585 4356 708 4429 potest,
742 4371 880 4432 unquam
902 4354 1064 4430 edendos,
1096 4375 1176 4437 quos
1199 4357 1239 4418 de
1260 4359 1392 4420 Arcanis
