3056 4868
265 216 319 273 202
750 211 903 268 LElBNlZ.

265 386 514 465 contingentium
544 387 638 449 etiam
664 386 837 450 liberorum
865 387 1071 450 determinata
1092 394 1175 452 esset
1203 389 1319 452 veritas
1347 389 1400 454 vel

264 487 394 562 falsitas,
417 486 785 570 etsiiguotafingeretur.
817 490 927 571 ltaque
938 488 996 550 Dei
1014 489 1230 570 praescientia,
1252 490 1399 574 adeoque

263 588 501 670 praeordinatio
531 589 708 652 libertatem
729 610 794 652 nou
821 590 914 651 tollit.
957 589 1120 654 Caeterum
1151 591 1311 654 sciendum
1342 598 1398 666 est,

264 697 399 751 mentem
422 709 487 750 non
510 692 550 752 ab
573 690 636 752 alio
660 690 870 765 determinari,
899 691 956 753 sed
978 709 997 752 a
1019 713 1053 754 sc
1073 693 1152 774 ipsa,
1175 711 1279 773 neque
1301 693 1397 754 ullam

264 811 333 853 csse
354 790 555 874 hypothesin,
577 811 659 874 quae
680 794 779 874 magis
802 811 896 873 quam
918 799 1026 854 nostra
1047 794 1151 855 faveat
1171 792 1330 856 humanae
1352 793 1396 854 li-

263 891 389 968 bertati;
413 895 561 973 quoniam
586 892 631 976 (ut
642 913 681 955 ex
691 893 895 976 sequentibus
905 891 1002 978 patet)
1026 913 1089 955 una
1107 892 1281 956 Substantia
1293 903 1397 957 creata

262 993 295 1054 in
317 993 409 1054 aliam
433 1014 497 1056 non
520 994 634 1071 influit,
664 995 809 1076 adeoque
839 1014 927 1056 mens
958 1014 1069 1057 omnes
1097 1013 1170 1058 suas
1193 997 1395 1077 operationes

263 1115 302 1158 ex
323 1097 453 1178 proprio
476 1116 534 1159 suo
557 1096 656 1159 fundo
678 1095 792 1173 educit,
814 1095 888 1158 lieet
909 1095 953 1157 ita
976 1097 1121 1159 ordinata
1143 1097 1183 1161 sit
1204 1097 1271 1179 ejus
1283 1106 1394 1160 natura

262 1197 301 1258 ab
324 1197 425 1272 initio,
449 1205 480 1260 ut
502 1198 706 1279 operationes
730 1198 798 1279 ejus
820 1217 890 1258 cum
913 1206 1105 1260 caeterarum
1126 1219 1230 1261 rerum
1253 1199 1394 1262 omnium

254 1299 500 1379 operationibus
522 1300 712 1380 conspirent.

679 1454 918 1535 Propositio
946 1453 976 1517 2.
1037 1463 1046 1475 ‘

446 1557 561 1618 Rerum
573 1556 843 1639 mutationemque
855 1555 996 1619 infinitae
1010 1555 1107 1618 series
1122 1555 1165 1618 ita
1183 1555 1242 1618 sibi
1254 1576 1393 1640 respon-

386 1659 504 1720 dentct
524 1664 608 1717 tanta
628 1657 837 1738 proportione
849 1665 1082 1733 connectuntur,
1104 1666 1138 1719 ut
1154 1658 1320 1738 quodlibet
1331 1679 1393 1720 eo-

383 1777 453 1820 rum
493 1759 623 1820 caeteris
652 1759 797 1821 omnibus
828 1758 1054 1840 perfectissime
1090 1759 1280 1834 consentiat,
1309 1767 1345 1822 et
1374 1781 1391 1822 c

386 1879 550 1922 converso.
711 1850 715 1856 ³
984 1911 987 1924 .

445 1960 525 2022 Hinc
535 1961 694 2042 quaelibet
705 1981 755 2023 res
767 1981 837 2023 cunr
859 1969 927 2024 toto
950 1961 1097 2024 universo
1119 1960 1163 2022 ita
1185 1961 1391 2032 connectitur,

384 2071 414 2126 et
436 2082 517 2125 unus
541 2063 587 2124 rei
610 2064 702 2124 unius
730 2062 843 2125 modus
868 2064 912 2124 ita
935 2051 1078 2126 ordinem
1100 2071 1194 2146 atque
1215 2069 1389 2142 respectum

319 2147 320 2152 ἵ
382 2163 514 2228 involvit
535 2164 574 2225 ad
596 2164 738 2258 singulos
761 2164 892 2227 aliarum
914 2185 1017 2226 rerum
1040 2164 1172 2238 modos,
1195 2171 1228 2224 ut
1248 2163 1281 2224 in
1304 2183 1390 2244 qua-

382 2265 467 2340 libet
489 2266 554 2326 imo
567 2265 598 2326 in
612 2266 705 2327 unico
720 2266 811 2328 unius
828 2266 872 2327 rei
886 2266 992 2341 modo,
1014 2265 1099 2326 Deus
1111 2264 1194 2326 clare
1206 2271 1236 2325 et
1247 2264 1390 2326 distincte

381 2366 487 2428 videat
509 2367 688 2429 universum
709 2367 807 2440 veluti
828 2367 1021 2447 implicatum
1034 2364 1269 2446 etinscriptum.
1298 2365 1388 2428 Unde

381 2486 452 2530 cum
476 2485 653 2529 unamrem
673 2473 842 2527 autunum
865 2467 994 2528 modum
1015 2467 1061 2528 rei
1083 2467 1240 2548 percipio,
1263 2485 1389 2548 semper

382 2568 511 2630 confuse
538 2575 639 2630 totum
666 2568 846 2630 universum
867 2567 1026 2649 percipio;
1060 2576 1091 2630 et
1121 2587 1185 2650 quo
1216 2567 1387 2648 perfectius

362 2678 473 2730 ‘unam
496 2690 563 2730 rem
584 2669 744 2750 percipio,
767 2661 806 2729 eo
828 2668 936 2749 plures
958 2669 1089 2730 aliarum
1112 2687 1216 2731 rerum
1238 2667 1388 2750 proprie-

378 2775 457 2831 tates
480 2769 557 2831 mihi
579 2770 653 2831 inde
676 2770 885 2830 innotescunt.
1259 2784 1263 2792 “

440 2871 479 2931 Et
501 2891 539 2932 ex
559 2870 618 2936 hac
640 2890 744 2932 rerum
775 2889 896 2932 summa
928 2871 1137 2934 consonantia
1167 2870 1260 2932 etiam
1290 2869 1386 2931 totius

380 2971 516 3034 universi
537 2970 703 3032 harmonia
725 2991 762 3034 ac
783 2970 985 3052 pulchritudo
1008 2971 1142 3033 maxima
1165 2972 1271 3044 oritur,
1304 2990 1386 3052 quae

378 3072 490 3135 summi
512 3070 640 3152 Opificis
662 3072 725 3135 vim
748 3078 779 3134 et
800 3071 986 3153 sapientiam
1008 3073 1099 3134 nobis
1122 3072 1259 3134 exhibet.

336 3175 452 3235 Contra
472 3172 554 3233 hanc
584 3172 836 3253 propositionem
866 3172 951 3236 nulla
980 3174 1113 3235 formata
1140 3173 1198 3235 fuit
1227 3172 1385 3255 objectio;

251 3276 316 3338 sive
338 3275 426 3358 quod
454 3273 646 3355 praecedens
674 3273 803 3335 dubium
832 3280 863 3336 ct
890 3273 923 3334 in
953 3274 1053 3355 ipsam
1081 3274 1290 3348 redundaret,
1318 3274 1385 3336 sive

251 3376 340 3458 quod
366 3376 474 3458 priore
496 3374 592 3438 dubio
622 3374 746 3437 sublato
768 3373 882 3436 rationi
905 3375 1073 3438 admodum
1096 3383 1312 3437 consentanea
1333 3373 1385 3436 vi-

251 3476 388 3540 deretur.

668 3632 905 3713 Propositio
936 3634 966 3697 3.

437 3751 558 3835 Corpus
581 3771 644 3814 non
667 3759 714 3814 est
734 3751 917 3827 substantia,
940 3753 995 3814 sed
1017 3758 1219 3834 aggregatum
1231 3749 1381 3812 snbstan—

374 3852 497 3924 tiaram,
519 3874 588 3916 cum
612 3873 738 3935 semper
758 3855 798 3915 sit
818 3853 950 3914 ulterius
972 3852 1141 3927 divisibile,
1170 3859 1203 3914 ct
1224 3850 1384 3933 quaelibet

373 3973 445 4034 pars
466 3975 592 4036 semper
613 3956 707 4017 aliam
728 3962 848 4036 partem
870 3954 988 4016 haheat
1008 3955 1040 4016 in
1063 3952 1229 4015 infinitum.

433 4053 522 4117 Unde
542 4062 697 4139 repugnat
709 4075 825 4136 eorpus
837 4076 906 4117 esse
929 4057 1051 4118 unicam
1073 4054 1288 4124 substantiam,
1312 4069 1381 4114 cum

372 4154 551 4216 necessario
581 4155 612 4215 in
642 4175 676 4218 se
708 4157 848 4218 involvat
882 4156 1033 4218 infinitam
1064 4154 1294 4217 multitudinem
1326 4171 1382 4216 seu

370 4253 492 4316 infinita
513 4273 659 4334 corpora,
682 4276 814 4337 quorum
838 4257 1003 4340 quodlibet
1024 4275 1130 4318 rursus
1152 4254 1289 4318 infinitas
1300 4254 1382 4318 sub-

371 4354 498 4416 stantias
522 4354 670 4418 continet.
