3056 4868
274 235 326 293 ¹38
649 228 802 288 LElBNlZ.
838 228 1018 288 laundun.

270 410 301 471 iu
323 405 356 467 id
378 424 472 466 omne
494 405 717 481 conferentem,
739 424 803 487 quo
825 406 932 487 augeri
956 406 1057 468 unitas
1078 405 1165 480 foris,
1188 403 1274 466 domi
1292 405 1403 467 eradi-

271 511 333 574 cari
351 501 555 587 “corruptelae
577 506 714 587 possint:
736 506 821 568 hunc
838 524 914 587 ergo
926 524 996 566 cum
1019 506 1165 568 adiissem
1187 526 1296 586 nuper,
1318 526 1402 569 con-

270 613 357 674 tinuo
380 610 424 672 tui
444 608 560 690 injecta
581 607 698 669 mentio
726 614 782 670 est.
824 607 864 668 Et
890 608 1089 669 commodum
1116 614 1190 669 tuuc
1217 607 1354 669 redierat
1383 626 1401 668 a

269 713 476 776 Serenissimo
498 707 640 788 Principe
660 707 809 780 Ernesto,
831 707 963 770 Hassiae
986 707 1180 790 landgraiio,
1202 708 1401 792 acolloquio

270 822 325 877 tuo
346 820 493 877 recente:
521 809 570 872 vix
593 808 686 870 etiam
715 808 821 870 literas
846 815 1011 889 acceperat
1033 812 1073 871 ab
1095 809 1298 891 amplissimo
1319 812 1401 871 Fra-

268 922 391 989 xiueo²,
413 913 527 996 quibus
548 909 707 991 propioris
729 909 859 972 notitiae
881 909 1081 972 occasionem
1103 910 1189 991 apud
1204 911 1401 992 tesibiape-

268 1018 322 1079 riri
344 1014 547 1079 vehementer
567 1010 752 1084 laetabatur,
774 1010 954 1091 expleturus
976 1010 1179 1091 imposterum
1193 1010 1319 1073 uberius
1331 1030 1401 1073 eam

268 1118 360 1189 sitim,
383 1135 445 1198 qua
468 1135 540 1177 eum
560 1112 683 1173 inhiare
705 1109 832 1174 memini
854 1111 976 1191 scriptis
997 1113 1068 1188 tuis,
1092 1113 1277 1193 quotiesvel
1297 1115 1400 1174 tenuis

269 1237 423 1280 uovorum
446 1234 466 1276 a
487 1222 518 1278 te
540 1234 672 1296 operum
700 1213 784 1274 lama
813 1211 980 1275 advolavit.
1022 1214 1108 1275 Haec
1129 1213 1293 1294 agitantes,
1316 1233 1399 1288 mox,

269 1327 302 1382 ut
321 1319 373 1395 fit,
405 1319 446 1380 ad
468 1316 727 1378 eucharisticos³”
749 1321 820 1375 tuos
841 1312 967 1374 labores
989 1313 1110 1395 delapsi
1132 1335 1255 1390 sumus,
1287 1317 1399 1399 quibus

269 1419 408 1504 mysterii
429 1418 545 1481 veritas
567 1424 677 1498 atque,
700 1420 734 1476 ut
754 1414 800 1476 sic
822 1414 933 1487 dicam,
957 1415 1082 1476 realitas
1098 1423 1251 1496 perpetua
1269 1424 1400 1479 sancto-

268 1541 336 1584 rum
349 1523 471 1583 Patrum
495 1518 662 1579 traditione
685 1522 793 1577 contra
814 1513 1042 1596 significatores
1062 1516 1220 1578 asseritur.
1261 1518 1301 1579 Et
1321 1537 1398 1599 gra-

268 1622 357 1686 tulati
379 1641 486 1683 sumus
508 1619 676 1694 ecclcsiae,
698 1623 808 1678 nactae
830 1617 956 1678 tandem
979 1615 1031 1701 qui
1051 1617 1192 1698 repetitis
1213 1619 1399 1700 replicatio-

270 1725 360 1785 nibus
382 1722 529 1786 insistens
551 1719 630 1781 nihil
650 1717 864 1799 respirationis
887 1718 1077 1780 concederet
1098 1718 1284 1783 adversariis
1300 1722 1397 1783 semel

269 1823 441 1907 deprensis.
483 1823 642 1884 Hactenus
672 1819 756 1882 euim
777 1838 850 1880 raro
872 1819 1000 1881 stataria
1022 1838 1127 1900 pugna
1149 1820 1226 1881 inita
1248 1829 1312 1898 est;
1342 1824 1398 1885 sed

268 1924 449 1989 desultoriis
470 1931 591 1986 tantum
612 1920 844 1983 velitationibus
872 1921 956 1981 exitu
983 1921 1125 1983 carituris
1155 1929 1305 1985 certatum
1328 1942 1398 1986 esse

268 2028 443 2092 videbatur.
470 2027 548 2086 Turn
571 2043 647 2105 ego:
671 2011 741 2083 non
759 2019 902 2082 dubitare
925 2040 985 2097 me,
1007 2021 1083 2103 quin
1106 2024 1237 2104 depulsa
1259 2031 1318 2086 ate
1335 2026 1397 2086 ad-

269 2127 407 2193 versaria
435 2145 508 2208 pars
530 2123 719 2207 gloriatione
741 2121 795 2183 illa
823 2122 864 2184 de
885 2140 1041 2185 consensu
1064 2131 1204 2186 veterum
1233 2132 1399 2207 receptura

269 2253 303 2294 se
326 2231 367 2291 sit
399 2229 440 2289 ad
471 2226 595 2288 triarios
617 2243 702 2297 suos,
724 2220 876 2284 hactenus
898 2241 963 2284 nou
986 2225 1060 2286 satis
1081 2225 1196 2302 victos,
1218 2227 1251 2288 id
1273 2235 1321 2289 est
1342 2246 1398 2310 ar-

268 2337 414 2414 gumenta
425 2324 695 2408 impossibilitatis,
713 2324 826 2404 quibus
849 2323 924 2386 solis
946 2324 1104 2388 labantem
1120 2327 1218 2390 aciem
1235 2327 1398 2409 siguifica-

267 2433 390 2496 tiouum
412 2429 504 2492 etiam
528 2434 637 2490 contra
659 2425 800 2487 omnium
821 2424 1002 2500 seculorum
1025 2428 1226 2514 gentiumque
1249 2428 1399 2492 christia-

267 2551 377 2596 narum
400 2549 588 2616 consensum
610 2549 645 2590 se
666 2533 776 2610 putant
796 2526 951 2589 sustinere
971 2546 1075 2610 posse,
1099 2535 1131 2591 et
1151 2535 1262 2612 tropos
1281 2531 1398 2613 ubique

268 2633 372 2714 potius
396 2650 488 2716 quam
510 2629 717 2692 absurditates
740 2628 885 2691 terendas
908 2629 1049 2704 clamant,
1072 2637 1216 2710 putantes
1228 2652 1284 2696 seu
1297 2634 1398 2716 majus

268 2755 303 2798 se
324 2735 395 2815 ipso
419 2731 513 2816 (idem
536 2733 618 2794 enim
641 2750 756 2812 corpus
779 2731 903 2794 esseio
918 2731 1023 2793 multis
1039 2731 1128 2814 locis)
1154 2753 1267 2814 corpus
1290 2735 1396 2796 datum

266 2855 336 2898 esse
358 2835 416 2898 sub
439 2833 612 2914 quantitate
634 2832 762 2895 alterius
785 2832 935 2906 minoris,
957 2832 991 2894 id
1013 2839 1060 2896 est
1082 2835 1228 2896 omnibus
1241 2835 1305 2896 suis
1317 2854 1397 2915 par-

267 2938 350 2999 tibus
372 2933 522 3008 serratis,
546 2935 648 2994 miuus
675 2952 709 2994 se
730 2932 811 3013 ipso,
835 2953 906 2994 cum
935 2939 1038 2994 tamen
1059 2935 1288 2997 recentioribus
1315 2956 1398 3016 pene

265 3055 453 3119 persuasum
474 3034 514 3096 sit
534 3033 566 3094 in
588 3034 771 3096 extensione
792 3053 850 3095 seu
872 3033 1044 3114 quantitate
1066 3036 1208 3116 corporis
1231 3038 1399 3098 essentiam

266 3138 447 3202 consistere.
476 3134 615 3196 Rcteutis
645 3133 790 3196 omnibus
811 3134 1012 3216 qualitatibus
1042 3138 1247 3200 substantiam
1275 3139 1399 3214 mutari,

266 3259 337 3302 cnm
359 3243 463 3300 tamen
479 3236 677 3297 acutioribus
699 3235 900 3316 philosophis
921 3237 1065 3302 videatur
1091 3239 1225 3300 formam
1247 3239 1398 3302 substan·
1515 3311 1516 3320 χ

265 3338 372 3400 tialem
395 3356 413 3399 a
435 3337 637 3420 qualitatibus
658 3338 727 3400 sola
737 3338 777 3399 ad
790 3357 914 3400 sensum
927 3339 1082 3402 relatione
1095 3341 1229 3416 differre,
1254 3339 1398 3422 utligura

267 3439 352 3502 urbis
374 3458 510 3503 veraex
532 3439 608 3500 turri
631 3439 735 3501 media
764 3440 911 3522 despecta
940 3443 980 3503 ab
1013 3442 1239 3523 apparentibus
1268 3441 1398 3502 infinitis

265 3540 469 3616 variantibus,
492 3548 586 3622 prout
607 3539 700 3624 plaga
721 3549 777 3614 est,
799 3543 885 3604 uude
907 3544 1099 3605 extrinsecus
1122 3544 1279 3623 aspicitur.
1319 3544 1398 3604 Rem
1454 3557 1456 3560 ’

266 3643 377 3705 mutari
400 3642 432 3702 in
455 3641 550 3703 aliam
577 3661 660 3714 rem,
689 3641 819 3702 materia
847 3647 951 3704 tamen
983 3645 1094 3706 cadem
1123 3652 1270 3706 manente
1300 3644 1397 3716 nulla,

265 3764 335 3805 cum
358 3751 462 3804 tamen
482 3743 632 3804 hocnon
653 3740 693 3803 sit
714 3743 836 3816 mutari,
859 3745 916 3806 sed
938 3747 1088 3807 exstincto
1102 3753 1207 3808 vetere
1220 3744 1318 3806 creari
1332 3741 1397 3806 no·
1475 3809 1481 3818 ,

245 3865 347 3919 ,vum
385 3846 464 3906 Rem
487 3843 600 3905 mutari
622 3862 687 3904 non
709 3843 882 3928 tantumin
904 3863 1018 3908 novam
1041 3847 1188 3926 speciem,
1211 3848 1268 3907 sed
1290 3854 1321 3907 ct
1342 3847 1397 3906 in·
1513 3917 1514 3936 ,

265 3945 373 4012 audita
395 3953 467 4006 aute
489 3945 611 4006 ratione
633 3943 665 4004 in
686 3963 806 4008 uorum
827 3944 1042 4022 individuum,
1065 3967 1135 4010 cum
1159 3956 1263 4010 tamen
1285 3948 1397 4010 mutari

276 4093 593 4104 -ι-ο--ι-ι--α--ι--ο-ι-

322 4183 349 4237 2)
365 4178 400 4231 du
419 4177 532 4232 Frcsuio
549 4181 701 4241 (Armerlrung
712 4184 860 4236 Leibnizens).

324 4275 351 4328 3)
367 4268 400 4322 ad
420 4267 615 4322 cucharistieos
634 4296 667 4308 -
697 4266 822 4323 terendas
841 4268 956 4346 clamant
980 4275 1008 4320 ist
1023 4276 1156 4332 abgedrmtt
1175 4276 1197 4321 in
1212 4277 1312 4332 Enery's
1328 4277 1403 4332 Erpa·

269 4364 331 4407 silton
347 4361 388 4402 cte.
404 4355 426 4401 S.
444 4353 494 4400 dl&
