3056 4868
585 199 788 258 retentus.
1203 208 1259 264 201

124 379 395 452 constituentibus,
418 394 499 458 quae
521 375 579 438 toti
600 375 802 456 homogenea
822 381 903 447 sunt,
935 394 1050 440 nomeu
1072 380 1171 459 partis
1194 383 1258 446 im-

1 517 5 536 =
123 488 255 563 ponunt,
277 498 381 561 neque
401 485 551 559 punctum
573 476 734 558 appellare
755 476 859 539 solent
880 477 983 538 lineae
1005 485 1135 558 partem.

206 582 402 644 Discrimen⁵
425 586 473 640 est
492 579 574 640 inter
593 578 781 640 relationem
802 577 906 638 lineae
928 578 968 639 ad
990 587 1106 658 puncta
1127 588 1159 642 et
1181 602 1257 644 cor-

122 685 212 767 poris
233 686 275 746 ad
296 681 495 747 substantias.
537 681 613 742 Nam
640 680 673 742 iu
702 679 794 741 lineis
821 679 1072 760 intelligibilibus
1101 682 1187 743 nulla
1211 693 1258 746 est

124 785 238 850 divisio
260 782 484 854 determinata,
506 781 562 844 sed
592 781 760 863 possibiles
782 780 977 856 indefinitae,
1011 782 1043 842 in
1064 784 1158 845 rebus
1180 805 1256 847 vero

124 887 263 950 actuales
285 871 454 948 divisiones
477 889 550 945 sunt
572 882 689 955 factae,
716 882 911 944 etinstituta
931 883 1084 946 resolutio
1107 885 1257 948 materiae

124 989 157 1048 in
188 987 316 1048 formas.
358 986 452 1059 Quod
473 992 590 1064 puncta
617 983 741 1046 suntin
770 983 967 1046 resolutione
995 984 1194 1067 imaginaria,
1223 987 1258 1047 id

8 1075 21 1084 “
125 1089 248 1150 animae
269 1087 302 1147 in
323 1105 407 1149 vera.
448 1086 547 1148 Linea
568 1104 632 1147 non
656 1091 703 1160 ¹cst
724 1090 926 1164 aggregatum
947 1092 1152 1165 punctorum,
1183 1087 1257 1168 quia

126 1187 157 1247 in
186 1187 270 1248 linea
292 1206 357 1248 non
387 1194 458 1249 sunt
487 1193 591 1267 partes
619 1191 705 1262 netu3
734 1185 790 1246 sed
819 1187 948 1246 materia
978 1194 1025 1248 est
1053 1194 1256 1269 aggregatum

125 1287 378 1363 substantiarum,
400 1287 474 1368 quia
494 1287 526 1348 in
549 1287 678 1350 materia
699 1293 772 1348 sunt
789 1294 896 1365 partes
917 1294 998 1349 notu.

674 1625 708 1685 E.

533 1778 645 1834 Leibniz
664 1795 698 1832 an
717 1777 850 1834 Fardells.

622 1941 766 1950 m...-

125 2051 412 2133 Dn.blinb.dngelo
421 2053 585 2116 Fardellae
596 2052 771 2153 prolessori
778 2053 928 2116 Patauino
944 2036 1155 2164 &Septembn
1167 2057 1256 2122 1696.
1365 2146 1369 2150 ,

249 2231 306 2292 Vir
327 2230 540 2308 celeberrime,
562 2233 667 2294 fautor
689 2239 721 2294 et
741 2231 841 2294 amice
862 2232 1061 2294 honorande.

209 2374 331 2435 Gratias
360 2393 421 2454 ago
448 2374 535 2456 quod
558 2374 720 2456 Ongarelli
750 2373 916 2436 meministi
947 2373 1145 2457 aliorumque
1175 2394 1256 2456 quae

125 2476 340 2538 desiderabam
365 2474 649 2556 circaVergcriana
667 2483 698 2538 et
717 2475 942 2537 monasterium
954 2474 1127 2537 Carcerum.
1158 2476 1258 2539 Salis-

126 2576 215 2656 bnrgi
237 2575 345 2636 relicta
366 2594 464 2656 spero
481 2576 521 2636 ad
544 2595 603 2638 nos
625 2577 763 2638 delatum
786 2576 823 2636 iri
847 2577 1020 2639 interventu
1042 2576 1257 2659 amicidugn-

125 2677 215 2738 steni.
256 2676 441 2757 Perplacent
470 2675 563 2738 etiam
592 2695 673 2758 qnae
703 2677 743 2738 de
774 2696 873 2758 opere
902 2684 957 2737 tuo
986 2696 1061 2738 mox
1089 2663 1255 2758 prodituro

10 2787 15 2793 '
65 2844 67 2850 ¹
127 2785 340 2840 memorantur
360 2777 393 2837 in
416 2775 533 2839 scheda
556 2797 650 2860 quam
673 2778 783 2840 misisti
805 2778 855 2841 cui
876 2777 985 2839 titulus
1007 2783 1055 2839 est
1079 2780 1257 2840 Gollcrs'odi

184 2976 211 3027 b)
225 2976 267 3019 ltin
281 2976 413 3033 singelegtes
427 2976 539 3020 blittobeu
553 2976 634 3020 entbilt
648 2977 748 3034 fulgendo
763 2976 863 3033 Fassung
877 2955 1072 3021 diesesbbsutzes:
1087 2966 1149 3022 Hoc
1169 2969 1258 3022 inter—

126 3067 167 3111 est
186 3057 257 3111 inter
274 3057 392 3122 modum,
412 3076 465 3130 quo
483 3059 555 3113 lines
581 3060 753 3115 constituitur
774 3059 880 3130 punctis
900 3067 927 3114 et
946 3077 999 3132 quo
1019 3060 1130 3113 materia
1150 3059 1257 3112 consti·
1284 3121 1288 3124 ,

126 3147 212 3200 luitur
230 3163 262 3198 ex
281 3145 437 3200 substantiis
458 3166 526 3220 quae
545 3150 573 3202 in
593 3167 624 3204 ca
644 3159 715 3216 sunt,
735 3151 807 3222 quod
825 3159 986 3220 punctorum
1005 3165 1196 3205 numerusnon
1215 3158 1256 3203 est

125 3236 326 3298 determinatus,
346 3245 372 3290 at
382 3236 591 3292 substantiarum
610 3257 746 3305 numerus,
766 3241 816 3295 etsi
836 3241 955 3294 inlinitus
975 3241 1018 3299 sit.
1037 3249 1126 3295 tamen
1143 3249 1257 3294 estcer-

126 3336 169 3402 ιιι)
197 3343 229 3378 sc
252 3324 461 3390 determinatus;
487 3330 607 3384 nascitur
626 3330 697 3383 enim
717 3347 750 3383 ex
768 3330 866 3383 actuali
887 3329 1019 3384 divisione
1038 3331 1175 3394 materiae,
1200 3348 1256 3386 non

126 3433 158 3471 cr
177 3415 300 3487 possibili
327 3425 437 3475 mutum.
476 3415 570 3492 Neque
598 3419 670 3472 enim
698 3419 811 3473 materia
839 3419 923 3472 divisa
950 3427 991 3472 est
1018 3418 1142 3473 omnibus
1170 3419 1256 3472 modis

126 3505 309 3577 possibilibus,
338 3506 385 3560 sed
404 3507 486 3562 certis
505 3508 665 3578 quibusdum
685 3509 906 3580 proportionibus
924 3509 1046 3573 senatis,
1074 3517 1104 3562 nt
1123 3507 1256 3571 machino,

29 3652 33 3658 ,
124 3597 237 3668 piscina,
256 3612 328 3666 grex.

197 3684 282 3739 Linea
302 3703 357 3740 non
375 3695 416 3740 est
433 3696 604 3758 aggregatum
623 3697 794 3759 punctorum,
813 3708 874 3744 cum
891 3698 980 3745 umen
994 3705 1092 3760 corpus
1106 3687 1142 3742 sit
1157 3705 1255 3760 aggre-

126 3787 215 3850 gatum
236 3777 454 3831 substantiarum,

197 3865 253 3932 Qui
272 3876 375 3921 atomos
394 3866 557 3933 stabilivere,
576 3868 701 3924 uiderunt
719 3877 821 3938 putem
840 3868 969 3922 veritatis.
996 3865 1255 3938 Agnoveruntenim

126 3957 160 4009 ad
177 3974 260 4011 unum
280 3958 383 4030 aliquid
402 3957 567 4013 indivisibile
586 3958 783 4016 deveniendum
802 3977 870 4026 esse,
895 3959 966 4032 quod
986 3959 1022 4013 sit
1040 3958 1112 4013 basis
1131 3959 1257 4013 multitu-

127 4047 207 4112 dinis,
225 4049 273 4102 sed
292 4049 319 4102 in
339 4066 372 4102 eo
392 4057 526 4113 errarunt,
544 4049 619 4119 quod
637 4048 766 4104 unitatem
786 4049 814 4102 iu
825 4049 935 4103 materis
951 4050 1150 4123 quaesiverunt,
1163 4049 1257 4103 credi-

127 4138 278 4208 deruntque
296 4155 375 4207 posse
395 4157 492 4210 corpus
511 4139 578 4204 duri,
598 4141 670 4217 quod
688 4158 751 4195 rere
770 4141 805 4195 sit
822 4139 970 4194 substantia
989 4158 1042 4194 uns
1062 4139 1242 4193 indivisibilis.

199 4224 441 4293 Considerandum,
460 4247 494 4282 au
513 4247 567 4284 non
587 4229 684 4286 debeat
702 4230 803 4302 aliquid
822 4247 882 4286 esse
903 4231 1051 4288 iamsteris
1066 4237 1173 4301 praeter
1188 4228 1256 4282 sub-

128 4317 237 4371 stantias
258 4317 317 4371 illos
337 4318 522 4380 indivisibiles.
