3056 4868
506 241 659 300 LElBNlZ.
698 241 879 298 ARNAULD.
965 251 966 254 ’
1212 253 1262 308 145

206 421 313 480 Restat
335 422 368 478 ut
391 417 431 477 de
453 415 643 479 eucharistia
660 415 771 478 dicam.
793 413 900 476 Anni⁵
922 419 996 474 snut
1007 418 1151 496 quatuor,
1173 420 1261 497 'quod

123 519 173 581 lll.
195 517 409 598 Boineburgio
433 526 542 579 notum
565 524 621 592 est,
645 538 683 579 ex
705 537 769 598 quo
792 517 825 577 in
847 534 918 577 eam
938 535 1006 577 rem
1028 515 1172 580 incubui:
1202 521 1263 582 de-

123 628 302 682 monstrare
337 618 667 701 possibilitatem
696 616 915 700 mysteriorum
937 615 1161 696 eucharistiae,
1195 641 1261 696 seu,

122 721 211 804 quod
234 721 319 782 idern
342 727 404 793 est,
434 720 477 780 ita
500 718 673 799 explicare,
705 725 740 778 ut
760 724 913 798 perpetua
934 716 1151 800 inoffensaque
1180 741 1263 784 aua-

123 821 184 905 lysi
212 822 253 883 ad
275 822 377 903 prima
398 822 525 882 tandem
558 839 658 900 usque
690 824 721 878 et
750 837 901 880 concessa
922 818 1080 899 postulata
1103 823 1262 901 potentiae

125 925 253 987 divinae
294 922 525 1004 perveniamus.
580 919 855 993 Quemadmodum
897 918 1063 998 problema
1100 928 1168 983 tum
1199 926 1262 986 (lo-

125 1045 213 1085 mum
235 1010 380 1104 solvisse,
402 1041 457 1084 seu
480 1021 654 1102 explicasse
676 1021 806 1083 modum
829 1019 968 1100 aliquem
997 1021 1203 1102 possibilem,
1226 1046 1263 1088 ac

124 1127 358 1187 demonstrasse
400 1122 642 1203 possibilitatem
683 1119 857 1182 censendus
890 1127 935 1182 est
969 1129 1151 1202 geometra,
1192 1145 1263 1188 cum

125 1226 178 1289 vel
211 1226 251 1286 ad
294 1224 356 1286 alia
393 1223 614 1305 problemata,
651 1221 718 1303 jam
750 1221 873 1294 soluta,
907 1221 957 1284 vel
990 1223 1030 1282 ad
1063 1225 1262 1302 problemata

127 1327 214 1389 nulla
258 1325 419 1388 solutione
458 1323 659 1405 indigentia,
692 1322 726 1384 id
763 1329 812 1384 est
849 1323 1026 1404 postulata,
1070 1343 1151 1406 qnae
1189 1338 1264 1390 sunt

126 1427 169 1488 ad
201 1426 399 1510 problemata
438 1433 473 1487 ut
498 1425 656 1486 axiomata
684 1425 724 1485 ad
752 1423 973 1498 theoremata,
1005 1425 1037 1486 id
1067 1433 1114 1486 est
1146 1437 1263 1508 postn-

128 1528 209 1603 lata,
238 1527 373 1588 reduxit.
415 1527 455 1588 Et
485 1527 549 1588 hoc
580 1525 708 1587 tandem
737 1523 814 1586 mihi
843 1525 955 1588 videor
986 1525 1119 1588 feliciter
1150 1531 1264 1592 conle-

95 1683 99 1694 .
128 1628 218 1690 cisse.
263 1627 340 1690 Cum
362 1628 498 1711 primum
522 1627 604 1688 enim
627 1645 646 1686 a
668 1645 719 1686 me
748 1625 978 1706 deprehensum
1002 1635 1065 1702 est,
1096 1629 1263 1691 essentiam

129 1729 273 1811 corporis
295 1748 361 1789 non
383 1727 554 1791 consistere
583 1726 614 1786 in
648 1725 834 1787 extensione
872 1726 969 1809 (quod
1000 1736 1124 1808 putarat
1153 1728 1265 1792 Carte-

128 1831 203 1904 sius,
225 1830 274 1893 vir
295 1827 437 1908 alioquin
460 1827 528 1888 sine
551 1825 766 1888 controversia
788 1808 941 1909 magnus),
973 1829 1029 1890 sed
1052 1829 1083 1889 in
1106 1839 1204 1905 motu,
1227 1849 1265 1891 ac

129 1931 264 2011 proinde
296 1927 500 1991 substantiam
533 1926 676 2006 corporis
699 1945 754 1987 seu
777 1935 937 2000 naturam,
973 1927 1067 1988 etiarn
1089 1930 1271 2018 Aristotelis

129 2029 315 2092 delinitione
337 2027 570 2100 consentiente,
600 2045 670 2088 esse
699 2027 889 2106 principium
921 2033 1025 2088 motus
1050 2028 1156 2112 (quies
1179 2031 1264 2091 enim

129 2120 277 2192 absoluta
309 2128 341 2188 in
372 2127 559 2208 corporibus
589 2125 712 2209 nulla);
742 2127 931 2209 principium
955 2135 1059 2189 autem
1082 2135 1186 2190 motus
1208 2151 1265 2192 seu

130 2230 338 2294 substantiam
361 2227 504 2309 corporis
526 2227 712 2288 extensione
736 2246 860 2289 carere:
891 2237 955 2290 tum
979 2231 1106 2292 demum
1128 2230 1265 2294 lucidis-

130 2333 210 2394 sime
233 2329 392 2411 apparuit,
426 2329 502 2410 quid
524 2328 655 2390 distaret
674 2327 850 2390 substantia
871 2330 1057 2408 speciebus,
1082 2350 1118 2393 ac
1140 2344 1265 2414 reperta

130 2433 212 2494 ratio
235 2441 291 2504 est,
313 2451 376 2514 qua
397 2430 528 2511 intelligi
550 2430 635 2490 Deus
658 2429 741 2490 clare
764 2428 973 2510 distincteque
994 2431 1105 2510 possit,
1129 2434 1265 2510 efficere,

131 2540 167 2595 nt
188 2533 329 2614 ejusdem
352 2529 495 2610 corporis
517 2529 691 2592 substantia
712 2529 752 2590 sit
774 2528 806 2588 in
828 2526 934 2588 multis
956 2527 1040 2592 locis
1069 2531 1185 2596 dissitis
1207 2537 1267 2610 vel,

131 2633 220 2716 quod
241 2632 326 2694 idem
349 2639 405 2702 est,
427 2628 485 2690 sub
508 2630 613 2692 multis
635 2629 812 2710 speciebus.
840 2630 917 2690 Nam
939 2627 1268 2713 hocquoqueosteu·

133 2737 235 2808 detur,
260 2731 346 2813 quod
368 2729 486 2792 nemini
508 2729 540 2790 in
563 2738 701 2792 mentem
721 2730 814 2804 venit,
837 2732 1217 2796 transsubstantiationem
1237 2743 1269 2798 et

133 2832 438 2914 multipraeseutiam
460 2831 579 2892 realem
611 2832 643 2892 in
674 2831 784 2894 ultima
807 2831 925 2912 analysi
955 2851 1020 2892 non
1043 2833 1187 2911 differre3
1210 2857 1269 2898 nee

134 2954 249 3015 corpus
271 2933 363 2994 aliter
384 2932 416 2992 in
440 2931 545 2994 multis
567 2931 645 2994 locis
667 2931 784 2994 dissitis
805 2953 876 2994 esse
897 2952 1002 3012 posse,
1026 2953 1120 3015 quam
1144 2938 1268 2997 utsuh-

133 3034 248 3098 stantia
270 3053 328 3096 sua
349 3033 407 3095 sub
430 3032 563 3095 diversis
585 3032 751 3113 speciebus
773 3033 974 3114 intelligatur.
1003 3033 1078 3095 Sola
1091 3036 1269 3098 enimsuh-

133 3135 247 3196 stantia
270 3135 337 3216 ejus
359 3133 534 3195 extensioni
556 3152 593 3195 ac
614 3134 758 3214 proinde,
781 3144 816 3196 ut
832 3134 976 3196 distincte
988 3136 1181 3212 ostendetur,
1204 3137 1269 3209 ubi,

136 3236 223 3316 quod
244 3234 307 3296 boc
328 3234 374 3294 rei
395 3234 452 3309 sit,
474 3234 651 3296 substantia
682 3236 826 3315 corporis
856 3235 1078 3316 explicabitur,
1102 3236 1164 3299 loci
1187 3258 1270 3299 con-

136 3336 309 3397 ditionibus
331 3337 472 3418 subjecta
485 3356 548 3397 non
568 3343 630 3397 est:
652 3355 710 3398 uec
723 3337 856 3417 proinde
877 3337 1268 3416 transsubstantiationem,
1348 3350 1352 3356 '

138 3445 173 3498 nt
195 3436 374 3498 cautissima
395 3424 503 3516 phrasi
526 3455 544 3496 a
567 3436 703 3498 concilio
724 3437 906 3499 Tridentino
939 3457 1087 3517 expressa
1117 3449 1149 3502 et
1171 3460 1196 3501 a
1218 3462 1269 3504 me

135 3557 176 3599 ex
195 3538 233 3597 D.
255 3536 378 3598 Thoma
399 3536 552 3598 illustrata
574 3545 630 3611 est,
654 3539 870 3600 contradicere
892 3537 1086 3600 confessioni
1108 3540 1271 3619 Angusta-

135 3656 214 3708 nae,
237 3637 302 3697 imo
325 3657 364 3697 ex
385 3655 423 3698 ea
444 3637 545 3718 sequi.
568 3638 631 3699 Nec
654 3638 714 3700 nisi
735 3640 768 3700 in
789 3655 912 3699 summa
923 3638 1142 3717 quaestionem
1154 3661 1271 3722 super-

136 3758 205 3802 essc
235 3736 317 3798 inter
347 3736 406 3798 has
439 3737 516 3798 duas
545 3746 664 3818 partes,
695 3759 736 3800 an
764 3739 831 3801 sive
852 3737 1029 3818 praesentia
1059 3739 1170 3815 realis,
1204 3742 1270 3806 sive

136 3837 452 3912 transsubstantiatio,
477 3857 553 3918 quas
577 3842 742 3901 ostendam
765 3840 797 3900 in
819 3859 853 3900 se
874 3839 1009 3902 invicem
1022 3841 1186 3918 contineri,
1209 3844 1271 3904 sint

136 3940 370 4022 instantaneae,
404 3959 462 4002 nec
484 3939 599 4002 durent
620 3941 679 4002 uisi
702 3935 864 4002 momento
898 3958 972 4001 usus
994 3961 1049 4002 seu
1072 3942 1271 4023 sumptionis,

136 4049 170 4102 ut
192 4041 287 4102 docet
307 4036 466 4102 confessio
489 4041 687 4123 Augustaua3
711 4061 750 4104 an
773 4061 850 4104 vero
873 4049 1007 4121 coeptae
1029 4050 1172 4124 tempore
1190 4063 1271 4105 con-

196 4289 222 4338 b)
238 4283 311 4336 Anni
330 4293 392 4337 aunt
404 4315 427 4324 —
443 4285 547 4338 traditis
567 4289 723 4358 conspirant
738 4298 775 4340 hat
789 4295 869 4350 Emery
885 4295 906 4337 in
923 4295 962 4338 der
970 4297 1090 4350 Expositos
1106 4295 1130 4338 de
1141 4296 1163 4337 lc
1174 4295 1237 4336 doctr.
1248 4295 1272 4335 de

139 4377 229 4418 aalma
244 4373 266 4419 S.
282 4371 399 4419 lli-422
414 4375 436 4418 tn
452 4375 610 4424 tranrdstscher
624 4380 785 4435 Uehcrsetznng
799 4378 902 4436 gegeben.

178 4484 283 4521 urrann.
295 4486 350 4522 orr.
362 4484 457 4525 nistros.
477 4483 494 4519 1.
891 4525 893 4530 Δ
984 4450 1021 4512 10
