3056 4868
274 227 327 284 148
654 216 805 274 LElBNlZ.
842 215 1025 274 ARNAULD.

275 394 381 468 centis,
404 392 506 454 lucem
528 399 633 454 tamen
656 399 744 453 motu
767 391 882 452 diurno
905 389 988 451 circa
1009 395 1124 450 terram
1141 381 1282 450 nostram
1305 389 1414 450 circu·

274 494 351 568 lari;
379 493 486 554 lucem·
503 503 607 554 antem
629 493 801 554 consistere
822 491 856 552 in
878 498 965 552 motu
988 487 1130 570 corporis
1153 488 1316 570 cujusdam
1338 493 1413 550 aere

274 593 457 666 subtilioris,
480 594 567 675 qnod
589 585 718 656 aethera
739 610 853 653 vocare
876 591 977 652 liceat
1008 590 1038 651 ls
1061 597 1166 655 motus
1188 589 1324 651 aetheris
1347 590 1412 651 du-

274 696 348 777 plex
369 701 426 756 est.
468 694 546 754 Nam
577 693 617 754 ab
648 693 901 755 incumbentibus
929 691 1026 752 radiis
1055 691 1134 753 lucis
1164 690 1325 754 aetherem
1346 697 1412 751 tum

276 797 327 878 agi
348 803 422 857 ante
444 795 565 867 lucem,
587 801 652 855 tum
674 793 707 854 in
729 794 810 854 latus
833 791 979 872 expandi.
1011 792 1092 853 Ante
1114 792 1218 854 lucem
1236 792 1276 852 ab
1289 791 1412 854 oriente

276 898 307 958 in
322 905 323 908 ’
337 896 532 957 occidentem
555 915 612 976 per
633 903 838 977 aequaturum
861 900 893 955 et
913 892 1107 974 parallelos;
1129 893 1161 953 in
1184 892 1265 953 latus
1288 892 1328 953 ab
1351 909 1411 954 ae-

275 1005 405 1081 quatore
428 1015 535 1059 versus
557 995 651 1075 polos
676 1015 733 1076 per
754 994 955 1056 meridianos.
983 994 1030 1054 Ex
1051 993 1114 1055 boo
1137 993 1230 1054 unico
1254 1004 1315 1080 tam
1339 1011 1411 1054 ma-

276 1097 401 1169 nifesto,
423 1113 461 1157 ae
481 1115 564 1176 pene
586 1095 718 1157 dixerim
741 1094 920 1158 necessario
943 1100 1098 1170 assumto,
1132 1094 1326 1155 omniafere
1349 1112 1411 1154 na-

275 1206 364 1260 turae
385 1197 606 1277 phaenomena
629 1197 763 1268 deduco,
786 1213 868 1277 quae
889 1194 930 1254 ad
951 1195 1012 1256 tria
1029 1213 1149 1257 summa
1162 1195 1411 1275 capitarevooo:

278 1297 479 1380 gravitatem,
503 1297 668 1369 elaterem,
690 1295 897 1360 verlicitatem
920 1295 1139 1376 magneticam.
1181 1296 1268 1357 Haec
1290 1313 1351 1376 ego
1373 1313 1412 1355 ex

276 1405 364 1461 motu
385 1397 522 1459 aetheris
545 1399 670 1458 turbato
693 1405 725 1459 et
746 1417 780 1458 se
801 1395 984 1458 restituente
1007 1396 1083 1457 oriri
1104 1397 1177 1478 ajo:
1207 1417 1246 1458 ex
1266 1396 1316 1456 his
1337 1414 1412 1455 om-

276 1499 339 1560 nia.
367 1498 445 1558 Nam
468 1498 628 1560 circulatio
651 1497 806 1570 aetheris,
828 1496 862 1557 id
884 1503 932 1558 est
953 1503 1057 1558 motus
1079 1497 1124 1559 sio
1146 1497 1408 1559 satisiortiscor-

276 1599 364 1681 poris
394 1598 506 1681 liquidi
535 1600 647 1674 tenuis,
668 1616 834 1661 removere
862 1603 994 1659 conatur
1025 1598 1225 1672 turbantem,
1255 1606 1286 1659 et
1306 1603 1411 1658 motus

277 1698 380 1761 omnis
402 1700 547 1761 turbatur
567 1700 709 1782 corporis
731 1697 892 1762 solidioris
915 1698 1140 1780 crassiorisque
1160 1698 1410 1778 interpositione.
1513 1743 1514 1748 η

277 1802 354 1862 Nam
376 1800 512 1862 solidum
534 1809 597 1876 est,
626 1802 713 1884 cujus
742 1805 847 1881 partes
880 1805 1048 1862 moventur
1076 1806 1163 1860 motu
1194 1799 1410 1880 conspirante;

277 1900 440 1982 liquidum,
462 1901 638 1963 solidorum
661 1918 832 1981 parvorum
853 1908 1071 1981 aggregatum.
1115 1898 1244 1961 llino‘si
1265 1899 1412 1980 iuterpo-
1513 1911 1514 1964 ζ

277 2010 369 2064 natur
390 2002 527 2090 solidum
549 2002 754 2075 tenuioribus,
777 2007 839 2075 aut,
861 2002 951 2082 quod
972 2002 1084 2063 eodem
1107 2001 1237 2071 recidit,
1258 2000 1412 2082 liquidum

277 2103 399 2178 crassis,
423 2109 539 2184 guttae,
561 2101 700 2162 minores
722 2101 877 2182 siquidem
899 2109 1014 2182 partes,
1037 2121 1157 2185 eaeque
1173 2110 1288 2172 motae,
1309 2101 1412 2163 inso-

276 2203 394 2277 lidum,
425 2203 458 2262 id
479 2210 611 2264 estnon
641 2209 703 2263 tam
730 2201 822 2263 facile
845 2202 1000 2264 divisibile
1022 2203 1054 2264 in
1075 2211 1180 2285 partes
1204 2210 1267 2263 tam
1289 2220 1411 2282 parvas,

276 2304 462 2384 impingunt,
484 2308 590 2383 partes
611 2302 782 2395 crassiores
803 2303 836 2363 in
858 2303 960 2366 varies
983 2311 1088 2385 partes
1110 2303 1286 2366 distrahere
1309 2321 1412 2365 cona·
1513 2341 1514 2352 ,

278 2405 414 2478 buntur,
434 2403 588 2478 solidum,
609 2403 741 2484 proprio
763 2411 852 2465 motu
874 2405 1089 2486 conspirante,
1113 2424 1178 2488 quo
1200 2405 1286 2468 velut
1306 2404 1412 2466 iorni-
1513 2399 1514 2413 ¹

278 2512 382 2566 catum
405 2512 460 2579 est,
484 2505 633 2567 obstabit.
661 2506 938 2588 'l'urbabiturergo
961 2515 1066 2569 motus
1077 2506 1188 2589 liquidi
1199 2507 1330 2578 solidus,
1353 2525 1413 2566 cu·-

274 2605 327 2687 jus
350 2625 420 2666 enm
444 2623 539 2668 causa
568 2607 675 2681 duret,
704 2607 767 2668 hoc
798 2607 871 2670 loeo
903 2608 974 2682 lux,
1003 2608 1168 2669 restituere
1195 2626 1229 2668 se
1259 2607 1412 2687 liquidnm

279 2708 459 2783 conabitur,
483 2727 520 2769 ac
541 2708 676 2788 proinde
697 2708 748 2772 vel
768 2708 910 2771 dividere
932 2708 1065 2771 crassius
1088 2708 1216 2769 turbans
1238 2708 1271 2768 in
1292 2708 1412 2770 homo-

277 2826 409 2889 geueam
430 2807 490 2869 sibi
512 2809 722 2885 subtilitatem,
744 2809 795 2871 vel
817 2809 843 2870 si
866 2829 932 2871 non
955 2809 1062 2889 possit,
1086 2829 1215 2871 movere
1238 2815 1357 2884 totum,
1381 2817 1413 2871 et

179 2951 187 2964 ,
276 2908 328 2970 vel
349 2908 381 2969 in
403 2908 499 2969 aliurn
521 2908 647 2983 locum,
680 2911 730 2972 vel
751 2909 862 2971 saltem
884 2909 917 2969 in
940 2909 1036 2970 alium
1066 2908 1182 2985 situm,
1216 2930 1280 2993 quo
1310 2911 1414 2972 turbet

278 3010 389 3070 minus.
421 3009 469 3069 Ex
490 3016 605 3070 conatu
628 3010 788 3072 dividendi
810 3009 911 3070 oritur
932 3009 979 3071 vis
1002 3011 1147 3088 elastica;
1169 3030 1209 3072 er
1222 3018 1338 3072 conatu
1357 3029 1413 3072 re-

277 3101 425 3173 movendi
447 3107 618 3182 inlocum,
642 3109 695 3170 ubi
717 3110 821 3170 turbet
842 3109 954 3183 miuus,
977 3110 1079 3173 idest
1105 3111 1160 3173 ubi
1182 3119 1287 3173 motus
1310 3111 1412 3173 minus

278 3208 386 3283 tortis,
409 3225 446 3268 ac
467 3207 603 3287 proinde
626 3207 747 3271 lucilius
768 3209 885 3290 patitur
907 3212 1102 3290 turbantem,
1125 3233 1182 3276 seu
1203 3233 1312 3274 versus
1335 3232 1413 3275 oen-

276 3315 377 3382 trum,
399 3307 552 3389 gravium
574 3328 613 3370 ex
634 3317 750 3372 conatu
771 3312 804 3372 io
826 3311 918 3372 situm
941 3315 1192 3376 commodiorem
1213 3314 1412 3394 disponendi,

276 3408 443 3472 verticitas.
486 3409 564 3470 Nam
586 3410 696 3473 aether
717 3431 832 3493 corpus
862 3431 1001 3475 crassum
1030 3415 1090 3476 sibi
1121 3415 1340 3497 interpositum
1361 3415 1414 3477 vel

278 3510 401 3592 disjicit,
424 3511 475 3574 vel
498 3510 613 3592 dejicit.
646 3511 777 3594 Disjicit,
800 3513 924 3594 quoties
947 3514 1101 3577 crassities
1114 3516 1183 3598 ejus
1206 3523 1412 3598 temporanea
1483 3559 1485 3563 s

277 3619 340 3688 est,
362 3631 427 3674 non
448 3612 579 3694 proprio
602 3620 690 3674 motu
711 3613 861 3675 intestino
884 3615 1085 3694 conspirante
1107 3617 1271 3693 fornicata,
1292 3618 1350 3681 sed
1371 3619 1412 3680 ab

278 3719 408 3775 externo
431 3711 611 3774 continente
633 3721 751 3776 coacta.
793 3713 875 3776 Hine
904 3715 1014 3776 aether
1036 3735 1101 3777 non
1123 3716 1239 3799 disjicit
1259 3719 1412 3799 lapidem3

276 3818 311 3875 at
330 3812 444 3893 disjicit
473 3815 579 3875 adrem
610 3833 843 3895 compressum,
870 3833 978 3877 arcum
1007 3823 1150 3891 tensum,
1178 3839 1248 3880 eum
1276 3819 1413 3900 primum

276 3920 439 3975 externum
466 3912 723 3993 impedimentum
752 3923 942 3978 removetur.
985 3917 1072 3979 Unde
1103 3919 1197 3981 etiam
1230 3919 1321 3981 nimis
1343 3919 1413 3980 dis-

275 4021 373 4078 tracta
393 4012 607 4088 restituuntur,
630 4021 661 4076 et
682 4019 738 4076 aer
759 4016 938 4094 exhaustus,
961 4039 1025 4082 uon
1038 4019 1079 4080 ob
1092 4020 1413 4101 solamatmospbae-

275 4133 328 4176 rae
358 4113 657 4195 grauitatemtauta
688 4115 719 4177 ri
746 4115 779 4176 iu
807 4119 960 4200 recipiens
996 4119 1274 4202 Magdeburgicnm
1304 4140 1412 4182 rursus
1509 4165 1510 4208 ᾗ

273 4215 426 4296 irrumpit,
450 4215 525 4297 quia
547 4214 708 4278 distractio
730 4216 822 4280 unius
845 4228 891 4281 est
913 4221 1108 4299 compressio
1123 4221 1261 4284 alterius.
1291 4222 1323 4282 Si
1335 4240 1411 4284 vero

274 4317 418 4396 disjicere
440 4315 577 4375 solidum
600 4333 736 4378 erassum
760 4319 890 4380 turbans
912 4339 975 4381 uon
1006 4327 1126 4401 potest,
1157 4323 1265 4403 dejicit
1294 4324 1325 4384 in
1356 4323 1413 4384 lo·
1509 4317 1510 4356 ³
