3056 4868
272 193 324 248 210
646 181 797 238 LElBNlZ.
833 179 1039 238 FARDELLA.

273 362 442 442 coepisset,
465 358 593 439 agnovit
614 333 779 437 partimin
802 357 887 420 Actis
909 357 1128 431 Eruditorum‚
1152 347 1317 436 partimin
1340 356 1405 418 suis

273 465 313 525 ad
336 482 385 524 me
407 459 515 533 literis,
537 478 632 539 posse
655 457 696 519 ita
719 459 833 539 detegi,
856 459 990 538 adquae
1006 457 1405 536 aliasvixadmitteremur.
1519 495 1523 514 .

357 561 478 636 Quodsi
500 559 671 642 aliquando
686 559 876 621 Florentiam
894 577 1059 620 excurrere
1069 559 1201 632 vacabit,
1223 557 1320 624 multa
1341 577 1406 638 po-

272 665 345 727 terit
373 663 428 724 tibi
463 660 620 742 explicare
656 660 803 721 dominus
831 661 913 721 Baro
947 660 987 720 de
1016 659 1248 720 Bodeohaosen
1287 659 1405 722 amicos

273 760 640 843 dominillagliabecchii
653 768 684 822 et
699 780 797 834 meus,
813 760 867 842 qui
889 761 1008 842 etipse
1028 760 1078 822 his
1100 769 1148 822 est
1168 761 1321 842 mysteriis
1342 761 1407 821 ini·
1511 841 1516 850 ,

275 867 387 939 tiatos;
417 865 520 925 donec
549 862 721 944 aliquando
752 861 844 923 nobis
870 860 983 922 iterum
1014 860 1154 948 colloqui
1183 862 1288 936 detur,
1319 862 1406 944 quod

275 964 493 1028 suavissimum
516 962 641 1043 utrique
664 963 733 1024 fore
756 981 904 1042 auguror.

357 1066 503 1126 Fortasse
525 1085 588 1126 non
611 1064 722 1125 inutile
744 1046 811 1136 erit,
833 1071 866 1124 ut
887 1063 1032 1124 nonnihil
1051 1064 1082 1124 in
1094 1063 1290 1143 praefatione
1303 1062 1407 1142 operis
1519 1099 1523 1114 ·

274 1168 319 1228 tui
342 1166 475 1246 attingas
498 1166 537 1227 de
559 1171 665 1226 nostra
687 1163 747 1224 hac
768 1164 888 1246 analysi
910 1163 1038 1239 infiniti,
1068 1184 1105 1225 ex
1127 1164 1238 1224 intimo
1251 1163 1409 1244 philoso-

275 1266 369 1348 phiae
391 1267 478 1327 fonte
501 1265 649 1338 derivata,
673 1282 736 1347 qua
747 1265 894 1326 mathesis
905 1265 974 1345 ipsa
985 1265 1066 1326 ultra
1076 1265 1229 1328 hactenus
1241 1270 1406 1326 consuetas
1522 1253 1523 1284 ³

277 1367 436 1438 notiones,
467 1365 500 1426 id
523 1373 570 1428 est
591 1366 671 1427 ultra
692 1365 923 1446 imaginabilia,
946 1385 1016 1427 sese
1037 1365 1167 1438 attollit,
1190 1365 1303 1446 quibus
1326 1380 1407 1444 pene

276 1466 352 1529 solis
374 1467 525 1528 hactenus
548 1465 721 1546 geometria
743 1474 774 1527 et
794 1465 932 1547 analysis
954 1467 1229 1546 immergebantur.
1270 1465 1309 1525 Et
1329 1464 1408 1526 haec

277 1587 361 1631 nova
388 1566 516 1629 inventa
536 1565 767 1627 ⁴mathematica
796 1567 909 1646 partim
937 1567 1039 1628 lucem
1068 1566 1223 1647 accipient
1252 1565 1407 1627 anostris
1491 1567 1504 1652 “-

276 1666 621 1751 philosophematibus,
642 1667 755 1746 partim
776 1686 884 1728 rursus
905 1667 982 1748 ipsis
1004 1668 1202 1729 autoritatem
1224 1666 1355 1728 dabunt.

360 1770 448 1844 Quae
460 1766 500 1829 de
512 1767 726 1830 foecunditate
735 1768 860 1829 animae
871 1768 1028 1829 habentur
1042 1768 1073 1828 io
1089 1768 1271 1829 transmissa
1283 1767 1407 1840 scheda,
1488 1792 1496 1808 ι

277 1871 380 1932 minus
397 1867 551 1948 intelligo.
580 1867 657 1929 Mihi
680 1868 782 1929 omnis
804 1869 979 1930 substantia
1001 1868 1220 1949 operationum
1242 1868 1319 1929 mire
1341 1868 1409 1929 fer-

278 1972 340 2034 tilis
362 1969 494 2032 ridetur.
531 1968 593 2030 Sed
614 1987 633 2028 a
654 1968 829 2029 substantia
852 1968 1084 2052 (praeterquam
1104 1968 1237 2046 infinita)
1259 1970 1409 2030 substan-

278 2070 362 2144 tiam,
385 2069 417 2130 id
440 2075 487 2130 est
509 2069 654 2144 monada,
682 2070 816 2148 produci
837 2088 903 2130 non
926 2070 1081 2146 arbitror;
1112 2070 1229 2152 inquo
1252 2077 1330 2149 puto
1350 2089 1410 2131 nos
1517 2116 1521 2126 ,

280 2191 345 2234 non
368 2169 576 2244 dissensuros,
599 2169 626 2230 si
647 2175 757 2230 mutuo
779 2169 1001 2250 intelligamur.
1044 2171 1131 2234 Vale.

362 2344 395 2402 P.
418 2341 449 2402 S.
491 2341 552 2415 Qui
582 2343 725 2421 corporis
755 2343 921 2404 essentiam
955 2345 988 2403 in
1026 2344 1209 2406 extensione
1238 2345 1410 2408 consistere
1452 2328 1456 2340 ’
1512 2361 1520 2376 ’

279 2445 386 2506 dicunt
409 2441 459 2526 (de
482 2441 595 2524 quibus
618 2442 786 2524 quaeris)²,
807 2463 875 2505 rem
897 2445 1060 2506 nonsatis
1083 2445 1249 2525 explicant.
1289 2445 1411 2508 Exteu-
1512 2504 1520 2521 ,

281 2544 488 2606 sionisnotio
512 2549 646 2604 nonest
674 2543 838 2622 primitiva,
871 2552 903 2606 ut
925 2543 1096 2607 Cartesiani
1124 2545 1185 2607 sihi
1211 2546 1411 2625 persuadent,

280 2645 337 2708 sed
366 2643 557 2724 composita,
587 2652 618 2705 et
647 2645 798 2726 supponit
828 2644 956 2707 alterius
984 2646 1029 2708 rei
1057 2634 1412 2733 repetitionem.'¹llinc
1509 2701 1522 2739 ‚¹

280 2745 402 2807 nullom
423 2744 551 2826 quidem
572 2744 664 2806 datur
685 2763 827 2819 vacuum,
857 2765 922 2806 non
944 2744 1061 2808 suflicit
1082 2754 1185 2808 tamen
1208 2747 1347 2808 extensio
1370 2746 1412 2808 ad
1440 2755 1446 2768 '
1510 2752 1522 2776 “

281 2865 396 2926 corpus
418 2844 667 2924 intelligendum.
690 2845 831 2926 Spatium
847 2853 878 2907 et
891 2854 1018 2926 tempus
1040 2866 1105 2908 non
1126 2854 1199 2910 sunt
1219 2848 1412 2910 substantiae
1521 2917 1522 2928 χ

281 2947 337 3009 sed
359 2945 528 3006 relationes
549 2944 651 3006 reales
674 2943 854 3025 (praeterita
874 2945 993 3007 scilicet
1013 2947 1045 3006 io
1068 2947 1286 3027 praesentibus
1303 2948 1412 3028 expri·
1521 2949 1522 3006 ζ

282 3053 418 3117 munior,
444 3044 527 3105 uode
556 3045 650 3106 realis
673 3051 720 3106 est
740 3045 851 3106 relatio
874 3047 1086 3125 praesentium
1108 3049 1148 3110 ad
1170 3046 1261 3130 ipsa).
1302 3048 1413 3130 ltaque

282 3165 392 3208 eorum
414 3144 576 3217 sententia,
605 3144 658 3225 qui
680 3145 795 3219 dicunt,
823 3147 956 3225 spatium
988 3167 1057 3209 esse
1087 3167 1201 3228 corpus
1231 3149 1263 3209 in
1287 3157 1413 3229 genere‘

282 3245 358 3306 mihi
388 3265 452 3306 oon
480 3244 638 3306 satisfacit.
689 3245 782 3320 Quid,
815 3265 945 3329 quaeso,
978 3248 1083 3310 dicent
1104 3267 1173 3309 esse
1193 3252 1340 3330 tempus‘l
1372 3267 1412 3310 an

283 3352 403 3406 motum
425 3345 457 3406 in
481 3349 619 3426 generet
661 3345 721 3408 Sed
744 3356 888 3409 neutrum
910 3367 981 3408 meo
1001 3347 1122 3428 judicio
1144 3349 1205 3411 dici
1228 3349 1331 3412 debet.

341 3544 368 3595 2)
390 3546 436 3588 lter
450 3543 539 3589 Schluss
552 3548 589 3589 des
610 3547 694 3590 liriefes
709 3558 751 3589 von
766 3547 867 3590 Fardella
882 3535 1003 3609 (Venetia
1028 3541 1068 3596 10.
1092 3537 1204 3610 Agostol
1225 3551 1292 3592 lautu
1306 3551 1412 3594 oiimlieh:
1520 3575 1521 3580 =

192 3621 194 3624 ’
282 3627 321 3680 La
339 3628 434 3697 priego
453 3625 593 3680 favorirmi
612 3627 808 3681 d'uecenoarmi
821 3627 840 3680 il
859 3644 909 3681 suo
927 3628 1089 3683 sentimento
1108 3630 1180 3684 circa
1199 3631 1225 3683 lo
1243 3639 1339 3685 natura
1359 3636 1416 3686 cosi

283 3716 346 3771 dell'
366 3717 455 3770 anima
475 3733 553 3771 come
572 3717 615 3772 del
635 3734 733 3789 corpo,
756 3736 786 3772 se
814 3727 909 3789 questo
936 3719 1054 3773 consiste
1079 3719 1124 3772 nel
1150 3709 1281 3790 'semplice
1307 3723 1415 3775 enode
1513 3747 1521 3792 p

283 3806 473 3871 stendimeoto,
499 3825 529 3862 se
547 3807 574 3861 lo
593 3809 679 3879 spatio
699 3811 714 3862 e
732 3809 848 3863 l'istesso
868 3809 918 3864 che
936 3809 956 3862 il
980 3827 1072 3880 corpo,
1098 3811 1203 3864 infinito
1222 3830 1237 3865 e
1256 3829 1336 3866 senza
1355 3821 1417 3866 ter-

285 3896 367 3950 mine.
412 3893 447 3948 Di
466 3897 513 3966 pid
531 3897 557 3952 la
576 3900 699 3970 supplico
718 3899 868 3954 mandarmi
886 3900 994 3954 almeuo
1014 3919 1051 3957 uo
1075 3903 1168 3972 saggio
1191 3901 1261 3955 della
1280 3919 1327 3956 sua
1347 3919 1418 3956 aua·
1508 3883 1521 3930 ¹]

282 3985 328 4039 risi
346 3986 421 4038 occid
441 4003 484 4040 me
502 4004 537 4041 ne
555 4005 633 4058 possa
652 3990 762 4046 servire.
798 3987 839 4044 ldi
858 3990 990 4044 eumundo
1009 3991 1176 4046 conliberta
1196 4009 1211 4045 e
1235 3993 1258 4044 si
1282 3994 1416 4062 persuade
1514 4007 1521 4074 4¹

283 4076 334 4130 cire
353 4091 414 4129 saro
434 4085 485 4129 ete.
