3056 4868
265 212 319 270 206
756 208 909 266 LElBNlZ.

266 409 372 485 gutum
393 401 651 476 substantiarum,
682 421 757 484 ergo
780 406 832 465 aut
854 401 941 464 nulla
964 403 1022 464 crit
1043 401 1232 477 substantie,
1263 407 1317 463 sut
1337 401 1400 465 alia

265 521 360 586 quarn
372 521 497 583 corpus.
518 503 557 565 Et
568 504 617 566 vel
627 504 705 565 nihil
716 502 929 567 substantialis
939 502 1033 564 inerit
1044 502 1241 583 corporibus,
1253 502 1400 584 adeoque

265 610 505 686 corporeerunt
525 604 748 684 phoenomena
768 610 898 677 tantum,
920 605 971 667 vel
992 604 1025 664 in
1047 622 1183 685 corpore
1198 604 1400 666 continentur

264 704 460 769 substantiae
488 703 711 779 indivisibiles,
742 724 823 788 qnae
856 725 921 767 nnn
950 713 1022 767 sunt
1051 705 1188 786 amplius
1217 712 1398 788 aggregata.

265 807 378 889 Utique
400 811 503 867 nutem
526 805 717 868 substantiae
740 806 822 880 illae,
845 825 977 888 quarum
1000 812 1202 888 aggregatum
1214 812 1261 891 est
1273 826 1397 886 corpus,

264 909 314 972 vel
335 908 362 970 si
384 907 428 969 ite
448 907 538 989 loqui
559 907 635 969 velit
657 907 779 988 aliquis,
802 914 1008 988 componunt.
1041 907 1079 967 Et
1095 907 1120 969 si
1134 908 1205 989 quis
1227 906 1301 969 telin
1322 906 1399 984 velit
1486 929 1514 992 ι’

263 1017 368 1092 portes
390 1008 566 1091 appellere,
595 1028 652 1089 per
673 1028 723 1070 me
750 1009 831 1070 licet.
875 1007 1063 1072 Geometras
1090 1016 1196 1071 tumen
1217 1009 1255 1070 iis
1277 1014 1398 1070 tantum

264 1209 371 1273 posset,
397 1201 468 1274 quod
494 1217 587 1255 revera
612 1208 756 1254 essetnna
775 1199 936 1266 substantia;
964 1202 1055 1274 itaque
1074 1201 1107 1255 sd
1127 1208 1231 1254 stomos
1250 1196 1398 1269 confugere

264 1301 391 1363 tanquam
410 1291 538 1346 terminos
557 1289 712 1362 snslyscos;
732 1308 793 1344 cunr
812 1300 903 1346 tsrncn
921 1307 1001 1346 omne
1020 1308 1118 1362 corpus
1128 1299 1234 1346 constet
1242 1307 1275 1342 ex
1283 1289 1398 1344 dirersis

264 1381 429 1444 substantiis,
458 1397 508 1434 nec
527 1381 641 1444 relerst,
662 1389 750 1434 utrum
770 1389 859 1451 partes
879 1379 1043 1436 cohaereant
1061 1401 1095 1436 sn
1114 1399 1182 1446 nnn;
1210 1387 1397 1452 praeterquam

265 1471 338 1544 quod
355 1469 426 1530 ratio
445 1470 667 1524 indivisibilitatis
687 1471 715 1522 in
734 1471 830 1522 atomis
850 1470 925 1523 reddi
945 1488 999 1524 non
1019 1480 1115 1542 potest.

336 1559 431 1632 ltsque
448 1577 508 1613 curn
528 1576 607 1613 omne
627 1576 726 1630 corpus
745 1559 780 1612 eit
799 1575 886 1611 meses
905 1576 954 1613 seu
974 1571 1144 1631 aggregatum
1164 1559 1282 1632 plurium
1296 1574 1398 1627 corpo-

264 1669 334 1715 rum,
352 1650 456 1704 nullum
476 1667 573 1719 corpus
592 1658 633 1703 est
648 1649 806 1712 substantia,
826 1657 854 1702 et
872 1650 987 1719 proinde
996 1650 1146 1705 substantia
1158 1659 1230 1706 extra
1240 1664 1398 1720 corpoream

264 1752 385 1797 naturam
405 1739 559 1811 quaerenda
579 1748 628 1793 est.
1357 1728 1364 1738 '

335 1829 385 1884 Est
402 1839 491 1884 autem
511 1829 659 1883 substantia
678 1827 781 1900 aliquid
801 1844 978 1894 versunum,
1003 1829 1177 1898 indivisibile,
1203 1828 1326 1900 adeoque
1351 1827 1398 1880 in-

264 1921 420 1994 generabile
448 1928 475 1976 et
499 1919 715 1990 incorruptibile,
741 1919 814 1990 quod
842 1926 883 1972 cst
900 1919 1050 1990 subjectum
1078 1919 1192 1974 actionis
1211 1927 1239 1972 et
1256 1919 1397 1989 passionis,

264 2020 292 2068 ct
309 2022 339 2068 ut
358 2011 440 2066 verbo
459 2011 556 2074 dicam,
575 2011 602 2063 id
621 2010 710 2080 ipsum
730 2009 802 2080 quod
818 2009 940 2080 intelligo
960 2027 1020 2063 cum
1035 2009 1097 2066 dico
1117 2027 1181 2080 ego
1200 2008 1305 2081 (moy),
1325 2009 1398 2080 quod

263 2097 393 2167 subsistit,
422 2101 473 2155 etsi
498 2117 612 2170 corpore
640 2117 701 2154 meo
721 2116 770 2170 per
787 2108 878 2170 partes
897 2101 1013 2165 sublato,
1039 2101 1078 2154 uti
1097 2109 1170 2155 certe
1190 2115 1288 2171 corpus
1308 2115 1397 2153 meum

264 2197 442 2265 inperpetuo
461 2191 536 2244 lluxu
555 2200 604 2254 est,
625 2191 769 2260 superstite
788 2207 841 2244 me.

334 2280 413 2336 Nulla
443 2281 574 2352 assignari
604 2289 692 2351 potest
717 2297 778 2350 pers
807 2281 929 2351 corporis
958 2281 1025 2345 mei,
1051 2297 1120 2352 quae
1145 2280 1178 2333 ad
1197 2279 1417 2338 subsistentiam,

264 2374 326 2427 mei
345 2372 498 2426 necessaris
518 2371 560 2436 sit,
578 2387 714 2441 nunquam
735 2377 824 2422 tumen
843 2386 908 2440 ego
927 2387 985 2423 surn
1001 2370 1060 2423 sinc
1075 2370 1164 2440 alique
1175 2369 1303 2424 materiae
1322 2379 1398 2440 parto

264 2464 350 2518 unite.

333 2549 444 2604 Interim
464 2566 529 2619 ego
548 2567 663 2620 corpore
682 2553 810 2622 organico
829 2568 896 2621 opus
915 2549 1012 2616 habeo,
1042 2568 1193 2623 quanquam
1219 2548 1289 2603 nibil
1315 2550 1342 2603 in
1363 2568 1396 2604 eo

262 2645 305 2708 sit,
325 2641 397 2714 quod
416 2641 452 2693 sit
470 2641 653 2693 necessarium
673 2642 706 2694 ad
725 2641 926 2696 subsistentiam
946 2641 1021 2695 mei.
1118 2661 1124 2676 .

332 2730 483 2802 Analogum
503 2730 606 2802 aliquid
626 2731 654 2783 in
674 2733 748 2786 omni
774 2731 896 2802 intelligo
916 2732 1036 2797 animali,
1055 2741 1081 2786 et
1100 2738 1130 2785 ut
1148 2731 1231 2787 verbo
1251 2730 1347 2796 dicam,
1368 2731 1396 2784 in

262 2825 335 2878 omni
354 2822 502 2876 substantia
522 2839 584 2875 vers
603 2838 720 2895 vereque
739 2841 801 2882 una.
947 2891 949 2894 Ι

333 2911 458 2966 infinitus
478 2920 568 2965 autern
588 2921 651 2967 sunt
669 2914 835 2967 substantiae
854 2912 990 2984 simplices
1010 2929 1058 2965 seu
1078 2919 1219 2964 creaturae
1233 2909 1261 2964 in
1274 2909 1396 2982 qualibet

263 3003 550 3073 materiaepcrticula;
571 3011 598 3055 et
617 3005 789 3073 componitur
808 3022 841 3057 ex
859 3003 912 3056 illis
933 3003 1054 3066 materia,
1074 3019 1128 3054 non
1149 3011 1274 3072 tanquam
1285 3018 1318 3054 ex
1330 3017 1397 3071 par-

261 3096 342 3158 tibus,
369 3093 416 3145 sed
440 3100 566 3164 tanquam
593 3109 626 3145 ex
645 3094 785 3164 principiis
804 3093 983 3148 constitutivis
1002 3110 1050 3146 sen
1069 3092 1205 3163 requisitis
1224 3090 1397 3156 immediatis,

261 3201 371 3257 prorsus
389 3191 419 3234 ut
437 3191 535 3252 puncta
554 3182 676 3235 continui
696 3183 838 3237 essentiam
859 3183 1054 3253 ingrediuntur,
1075 3199 1129 3236 non
1148 3171 1237 3235 tumen
1251 3189 1280 3234 ut
1297 3189 1396 3251 partes.

261 3273 355 3346 Neque
365 3272 436 3324 enirn
450 3288 511 3342 pers
525 3281 573 3336 cst,
593 3273 646 3325 nisi
660 3273 730 3344 quod
747 3273 795 3327 toti
808 3273 1005 3345 homogeneum
1020 3281 1070 3337 est,
1089 3271 1136 3325 sed
1148 3271 1296 3328 substantia
1307 3278 1397 3324 msto-

261 3366 318 3418 risc
336 3379 385 3416 seu
405 3363 513 3433 corpori
532 3363 699 3435 homogenes
719 3381 775 3417 non
794 3374 842 3430 est,
868 3382 923 3417 non
942 3363 1026 3434 magis
1046 3379 1125 3434 qusm
1150 3359 1238 3416 lineus
1258 3368 1396 3431 punctum.
1467 3345 1469 3349 ¹

333 3451 364 3506 lu
383 3453 457 3505 omni
476 3451 623 3506 substantie
643 3454 711 3509 nibil
739 3454 813 3508 aliud
833 3462 874 3508 est
891 3471 971 3524 quarn
990 3460 1085 3506 natura
1104 3451 1149 3504 ills
1168 3467 1218 3505 scu
1237 3451 1277 3505 vis
1295 3449 1412 3522 primi-¹
1439 3453 1441 3456 ’

262 3546 323 3608 tiva,
344 3560 377 3596 ex
396 3559 448 3615 qna
468 3546 591 3613 sequitur
608 3545 693 3598 series
713 3545 901 3615 operationum
920 3543 978 3614 ejus
998 3542 1173 3596 internarum.

332 3631 375 3686 Ex
393 3631 514 3704 quolibet
532 3642 602 3687 statu
620 3634 786 3689 substantiae
805 3651 854 3687 seu
873 3641 967 3687 nature
984 3631 1041 3703 ejus
1057 3632 1185 3702 cognosci
1195 3639 1283 3701 potest
1301 3630 1396 3697 series,

258 3743 308 3780 seu
327 3739 421 3776 omnes
441 3721 498 3792 ejus
517 3731 601 3778 status
619 3725 758 3795 praeteriti
778 3733 805 3777 et
823 3723 916 3777 futuri.

329 3811 473 3867 Praeterea
492 3814 604 3883 quaeris
621 3814 769 3868 substantia
788 3813 900 3866 involvit
918 3820 1004 3866 totum
1023 3811 1187 3879 universum,
1213 3819 1240 3864 et
1266 3809 1395 3878 cognosci

259 3912 349 3976 potest
368 3919 400 3955 ex
418 3911 489 3956 statu
508 3903 567 3975 ejus
586 3904 668 3957 etiam
688 3913 771 3958 status
790 3904 911 3960 aliarum.

331 3991 503 4047 Diversarum
523 3994 730 4049 substantiarum
749 3993 834 4048 series
861 3992 983 4064 perlecto
1011 3991 1183 4048 consentiunt
1206 3989 1278 4044 inter
1303 3994 1348 4052 ss,
1368 3998 1395 4042 et

258 4099 437 4156 unaquaeque
457 4083 582 4153 exprimit
608 4093 694 4139 totum
719 4084 875 4138 universum
893 4083 1041 4138 secuudum
1060 4081 1168 4137 modurn
1187 4095 1274 4136 suum.
1311 4076 1347 4130 Et
1366 4078 1394 4130 in

258 4177 311 4230 boc
330 4189 463 4228 consensu
484 4175 608 4229 consistit
626 4175 693 4227 nnio
712 4175 817 4228 animae
836 4183 863 4228 ct
880 4175 1011 4244 corporis,
1040 4173 1159 4243 itemque
1183 4168 1212 4222 id
1231 4168 1303 4240 quod
1321 4183 1395 4238 ope-

258 4267 391 4320 rationem
411 4263 620 4318 substantiarum
640 4274 714 4318 extra
733 4281 763 4319 se
782 4264 957 4335 appellemus.

331 4349 394 4415 Quo
413 4353 561 4423 perfectior
577 4352 724 4409 substantie
745 4363 795 4419 cst,
814 4371 847 4409 eo
867 4351 1020 4406 distinctius
1038 4350 1163 4421 exprimit
1182 4348 1346 4402 universum.
